Order,Time,Type,Size,Symbol,Price,End Time,End Price,frame_pos
126350834,2024-09-12 15:30:03,sell,1.00,audusd,0.66821,2024-09-16 11:48:51,0.67341,0
126359038,2024-09-12 15:51:11,sell,1.00,eurusd,1.10281,2024-09-17 15:30:44,1.11344,0
126466731,2024-09-12 20:02:30,sell,1.00,usdcad,1.35895,2024-09-17 15:30:10,1.36008,0
126467271,2024-09-12 20:07:07,buy,1.00,eurusd,1.10497,2024-09-16 15:30:00,1.11281,0
126512077,2024-09-13 04:08:46,buy,1.00,audusd,0.67290,2024-09-16 16:05:14,0.67436,0
126566725,2024-09-13 10:51:41,sell,1.00,gbpusd,1.31462,2024-09-16 01:00:47,1.31243,0
126622251,2024-09-13 17:05:18,buy,1.00,gbpusd,1.31467,2024-09-17 15:30:03,1.32069,0
126645115,2024-09-13 19:36:17,buy,1.00,usdjpy,140.845,2024-09-16 01:01:19,140.784,0
126651124,2024-09-13 21:13:40,sell,1.00,eurjpy,156.171,2024-09-16 02:05:44,156.088,0
126652761,2024-09-13 21:49:26,buy,1.00,usdcad,1.35930,2024-09-17 01:06:24,1.35877,0
126652839,2024-09-13 21:50:33,sell,1.00,usdjpy,140.943,2024-09-16 01:03:13,140.712,0
126654177,2024-09-13 22:14:21,buy,1.00,xauusd,2579.07,2024-09-16 07:18:10,2586.76,0
126655136,2024-09-13 22:33:43,buy,1.00,eurjpy,156.157,2024-09-16 01:25:04,155.713,0
126656192,2024-09-13 23:06:08,sell,1.00,xauusd,2582.49,2024-09-16 06:19:28,2584.75,0
126664979,2024-09-16 01:01:17,sell,1.00,gbpusd,1.31269,2024-09-16 09:35:38,1.31605,989
126665037,2024-09-16 01:02:00,buy,1.00,usdjpy,140.689,2024-09-16 01:20:09,140.546,2272
126665132,2024-09-16 01:03:34,sell,1.00,usdjpy,140.725,2024-09-16 01:06:36,140.732,5086
126665581,2024-09-16 01:12:20,sell,1.00,usdjpy,140.752,2024-09-16 01:14:44,140.692,20862
126665636,2024-09-16 01:14:57,sell,1.00,usdjpy,140.679,2024-09-16 01:19:10,140.595,25569
126665800,2024-09-16 01:19:34,sell,1.00,usdjpy,140.618,2024-09-16 01:20:51,140.478,33886
126665886,2024-09-16 01:20:35,buy,1.00,usdjpy,140.475,2024-09-16 01:25:04,140.525,35722
126665908,2024-09-16 01:21:03,sell,1.00,usdjpy,140.513,2024-09-16 01:35:21,140.626,36545
126666015,2024-09-16 01:25:30,buy,1.00,eurjpy,155.753,2024-09-16 01:27:36,155.751,44572
126666024,2024-09-16 01:25:53,buy,1.00,usdjpy,140.501,2024-09-16 01:27:36,140.508,45255
126666111,2024-09-16 01:28:34,buy,1.00,eurjpy,155.784,2024-09-16 01:29:56,155.834,50076
126666114,2024-09-16 01:28:46,buy,1.00,usdjpy,140.539,2024-09-16 01:29:56,140.566,50438
126666152,2024-09-16 01:29:57,buy,1.00,usdjpy,140.541,2024-09-16 01:30:35,140.556,52573
126666301,2024-09-16 01:31:05,buy,1.00,usdjpy,140.588,2024-09-16 01:39:23,140.664,54597
126666305,2024-09-16 01:31:05,buy,1.00,eurjpy,155.869,2024-09-16 02:15:00,156.173,54620
126666476,2024-09-16 01:35:36,sell,1.00,usdjpy,140.651,2024-09-16 01:47:46,140.696,62738
126666554,2024-09-16 01:39:38,buy,1.00,usdjpy,140.639,2024-09-16 01:57:15,140.724,70000
126666862,2024-09-16 01:48:04,sell,1.00,usdjpy,140.721,2024-09-16 01:54:51,140.688,85207
126667060,2024-09-16 01:56:55,sell,1.00,usdjpy,140.731,2024-09-16 02:00:34,140.713,101125
126667114,2024-09-16 01:58:33,buy,1.00,usdjpy,140.702,2024-09-16 02:15:00,140.879,104045
126667358,2024-09-16 02:01:15,sell,1.00,usdjpy,140.756,2024-09-16 02:03:09,140.769,108906
126667435,2024-09-16 02:03:27,sell,1.00,usdjpy,140.792,2024-09-16 02:05:44,140.792,112881
126667527,2024-09-16 02:05:48,sell,1.00,usdjpy,140.817,2024-09-16 02:10:06,140.837,117126
126667555,2024-09-16 02:06:32,sell,1.00,eurjpy,156.114,2024-09-16 03:44:12,155.938,118445
126667713,2024-09-16 02:10:44,sell,1.00,usdjpy,140.862,2024-09-16 02:29:20,140.855,125976
126667978,2024-09-16 02:15:59,buy,1.00,usdjpy,140.846,2024-09-16 02:18:17,140.841,135452
126667979,2024-09-16 02:15:59,buy,1.00,eurjpy,156.142,2024-09-16 02:18:17,156.148,135452
126668160,2024-09-16 02:18:35,buy,1.00,usdjpy,140.822,2024-09-16 02:19:09,140.829,140107
126668182,2024-09-16 02:19:34,buy,1.00,eurjpy,156.118,2024-09-16 02:57:26,156.117,141876
126668273,2024-09-16 02:21:04,buy,1.00,usdjpy,140.804,2024-09-16 02:37:34,140.745,144594
126668558,2024-09-16 02:30:30,sell,1.00,usdjpy,140.841,2024-09-16 03:48:25,140.555,161572
126668919,2024-09-16 02:40:07,buy,1.00,usdjpy,140.773,2024-09-16 02:55:05,140.816,178864
126669492,2024-09-16 02:56:01,buy,1.00,usdjpy,140.795,2024-09-16 03:01:01,140.794,207490
126669589,2024-09-16 02:58:13,buy,1.00,eurjpy,156.151,2024-09-16 03:01:01,156.122,211465
126669759,2024-09-16 03:01:05,buy,1.00,usdjpy,140.769,2024-09-16 03:17:06,140.644,216608
126669781,2024-09-16 03:01:15,buy,1.00,eurjpy,156.075,2024-09-16 03:17:06,155.971,216907
126670700,2024-09-16 03:17:45,buy,1.00,usdjpy,140.621,2024-09-16 03:17:50,140.623,246617
126670711,2024-09-16 03:17:51,buy,1.00,usdjpy,140.598,2024-09-16 03:21:18,140.601,246785
126670781,2024-09-16 03:18:52,buy,1.00,eurjpy,155.923,2024-09-16 03:21:18,155.947,248619
126670883,2024-09-16 03:21:22,buy,1.00,usdjpy,140.576,2024-09-16 03:22:45,140.601,253118
126670960,2024-09-16 03:23:23,buy,1.00,usdjpy,140.577,2024-09-16 03:23:33,140.580,256760
126670962,2024-09-16 03:23:29,buy,1.00,eurjpy,155.917,2024-09-16 03:30:09,155.811,256926
126670967,2024-09-16 03:23:36,buy,1.00,usdjpy,140.555,2024-09-16 03:30:09,140.484,257154
126671375,2024-09-16 03:30:15,buy,1.00,eurjpy,155.782,2024-09-16 03:30:46,155.858,269102
126671376,2024-09-16 03:30:15,buy,1.00,usdjpy,140.454,2024-09-16 03:30:46,140.531,269133
126671423,2024-09-16 03:31:12,buy,1.00,eurjpy,155.890,2024-09-16 03:35:16,155.907,270798
126671490,2024-09-16 03:33:24,buy,1.00,usdjpy,140.565,2024-09-16 03:35:16,140.562,274776
126671584,2024-09-16 03:35:19,buy,1.00,eurjpy,155.877,2024-09-16 03:40:53,155.873,278216
126671596,2024-09-16 03:35:38,buy,1.00,usdjpy,140.537,2024-09-16 03:40:53,140.534,278795
126671770,2024-09-16 03:41:03,buy,1.00,eurjpy,155.845,2024-09-16 03:53:53,155.864,288545
126671771,2024-09-16 03:41:04,buy,1.00,usdjpy,140.506,2024-09-16 03:53:53,140.536,288573
126672023,2024-09-16 03:47:15,sell,1.00,eurjpy,155.908,2024-09-16 03:48:25,155.891,299703
126672081,2024-09-16 03:49:45,sell,1.00,usdjpy,140.527,2024-09-16 04:05:21,140.503,304206
126672124,2024-09-16 03:50:56,sell,1.00,eurjpy,155.861,2024-09-16 04:00:32,155.815,306337
126672217,2024-09-16 03:53:56,buy,1.00,eurjpy,155.834,2024-09-16 03:54:59,155.786,311764
126672219,2024-09-16 03:53:57,buy,1.00,usdjpy,140.511,2024-09-16 03:54:59,140.468,311801
126672290,2024-09-16 03:55:25,buy,1.00,eurjpy,155.758,2024-09-16 04:01:09,155.830,314423
126672297,2024-09-16 03:55:35,buy,1.00,usdjpy,140.441,2024-09-16 05:23:28,140.520,314707
126672546,2024-09-16 04:00:36,sell,1.00,eurjpy,155.843,2024-09-16 04:04:44,155.850,323733
126672699,2024-09-16 04:01:38,buy,1.00,eurjpy,155.808,2024-09-16 04:24:41,155.877,325631
126672871,2024-09-16 04:05:35,sell,1.00,usdjpy,140.528,2024-09-16 04:49:27,140.527,332702
126672974,2024-09-16 04:08:11,sell,1.00,eurjpy,155.878,2024-09-16 04:46:16,155.808,337414
126673650,2024-09-16 04:25:04,buy,1.00,eurjpy,155.847,2024-09-16 04:35:00,155.852,367786
126674174,2024-09-16 04:37:19,buy,1.00,eurjpy,155.800,2024-09-16 04:55:18,155.871,389831
126674654,2024-09-16 04:49:52,sell,1.00,eurjpy,155.845,2024-09-16 05:23:48,155.795,412403
126674745,2024-09-16 04:52:28,sell,1.00,usdjpy,140.562,2024-09-16 06:37:31,140.077,417099
126674914,2024-09-16 04:58:12,buy,1.00,eurjpy,155.812,2024-09-16 05:01:19,155.830,427423
126675171,2024-09-16 05:01:43,buy,1.00,eurjpy,155.803,2024-09-16 05:10:45,155.794,433755
126675758,2024-09-16 05:14:03,buy,1.00,eurjpy,155.818,2024-09-16 05:16:44,155.819,455953
126676524,2024-09-16 05:23:31,buy,1.00,eurjpy,155.789,2024-09-16 05:28:33,155.797,472983
126676633,2024-09-16 05:26:08,sell,1.00,eurjpy,155.775,2024-09-16 05:45:24,155.814,477679
126676836,2024-09-16 05:33:29,buy,1.00,usdjpy,140.527,2024-09-16 05:37:18,140.517,490900
126676851,2024-09-16 05:34:23,buy,1.00,eurjpy,155.831,2024-09-16 06:03:50,155.827,492545
126677021,2024-09-16 05:40:57,buy,1.00,usdjpy,140.545,2024-09-16 06:03:50,140.533,504383
126677251,2024-09-16 05:48:07,sell,1.00,eurjpy,155.843,2024-09-16 06:26:36,155.665,517264
126679006,2024-09-16 06:13:51,buy,1.00,eurjpy,155.847,2024-09-16 06:23:47,155.868,563581
126679007,2024-09-16 06:13:51,buy,1.00,usdjpy,140.526,2024-09-16 06:23:47,140.504,563605
126679363,2024-09-16 06:19:53,sell,1.00,xauusd,2585.25,2024-09-16 10:05:22,2583.49,574455
126679566,2024-09-16 06:23:48,buy,1.00,eurjpy,155.838,2024-09-16 06:26:36,155.728,581494
126679638,2024-09-16 06:24:26,buy,1.00,usdjpy,140.387,2024-09-16 06:26:36,140.339,582638
126679844,2024-09-16 06:26:36,buy,1.00,eurjpy,155.665,2024-09-16 06:29:20,155.633,586546
126679856,2024-09-16 06:26:37,buy,1.00,usdjpy,140.302,2024-09-16 06:29:20,140.253,586563
126679930,2024-09-16 06:27:09,sell,1.00,eurjpy,155.635,2024-09-16 06:44:55,155.536,587526
126680108,2024-09-16 06:29:24,buy,1.00,eurjpy,155.586,2024-09-16 06:37:05,155.547,591581
126680109,2024-09-16 06:29:24,buy,1.00,usdjpy,140.191,2024-09-16 06:32:42,140.154,591581
126680667,2024-09-16 06:33:16,buy,1.00,usdjpy,140.184,2024-09-16 06:36:00,140.175,598517
126680833,2024-09-16 06:36:03,buy,1.00,usdjpy,140.156,2024-09-16 06:37:05,140.137,603535
126680877,2024-09-16 06:37:08,buy,1.00,eurjpy,155.515,2024-09-16 06:37:48,155.511,605472
126680878,2024-09-16 06:37:08,buy,1.00,usdjpy,140.112,2024-09-16 06:37:48,140.114,605497
126680927,2024-09-16 06:37:46,sell,1.00,usdjpy,140.113,2024-09-16 06:38:20,140.147,606643
126680933,2024-09-16 06:37:48,buy,1.00,usdjpy,140.093,2024-09-16 06:41:28,140.154,606705
126680944,2024-09-16 06:38:00,buy,1.00,eurjpy,155.542,2024-09-16 06:40:55,155.552,607062
126680957,2024-09-16 06:38:23,sell,1.00,usdjpy,140.173,2024-09-16 06:44:55,140.122,607756
126681328,2024-09-16 06:41:25,buy,1.00,eurjpy,155.568,2024-09-16 06:41:28,155.561,613196
126681427,2024-09-16 06:42:04,buy,1.00,usdjpy,140.116,2024-09-16 06:42:54,140.160,614375
126681437,2024-09-16 06:42:10,buy,1.00,eurjpy,155.527,2024-09-16 06:42:54,155.571,614552
126681528,2024-09-16 06:44:42,buy,1.00,eurjpy,155.541,2024-09-16 06:47:20,155.564,619093
126681532,2024-09-16 06:44:48,buy,1.00,usdjpy,140.123,2024-09-16 06:47:20,140.122,619295
126681546,2024-09-16 06:45:00,sell,1.00,eurjpy,155.566,2024-09-16 07:06:30,155.484,619652
126681677,2024-09-16 06:45:10,sell,1.00,usdjpy,140.141,2024-09-16 06:58:07,140.076,619952
126681815,2024-09-16 06:48:32,buy,1.00,usdjpy,140.097,2024-09-16 06:57:24,140.119,626034
126681848,2024-09-16 06:48:47,buy,1.00,eurjpy,155.516,2024-09-16 06:57:24,155.585,626474
126682140,2024-09-16 06:57:26,buy,1.00,usdjpy,140.095,2024-09-16 07:06:31,140.104,642049
126682168,2024-09-16 06:58:07,buy,1.00,eurjpy,155.571,2024-09-16 07:01:37,155.600,643279
126682184,2024-09-16 06:58:28,sell,1.00,usdjpy,140.101,2024-09-16 07:04:30,140.068,643869
126682824,2024-09-16 07:02:53,buy,1.00,eurjpy,155.566,2024-09-16 07:05:11,155.507,651855
126682940,2024-09-16 07:05:14,sell,1.00,usdjpy,140.022,2024-09-16 07:06:30,140.053,656075
126682970,2024-09-16 07:05:39,buy,1.00,eurjpy,155.477,2024-09-16 07:06:32,155.532,656826
126683005,2024-09-16 07:06:31,sell,1.00,eurjpy,155.558,2024-09-16 07:16:05,155.532,658376
126683013,2024-09-16 07:06:31,sell,1.00,usdjpy,140.104,2024-09-16 07:16:05,140.062,658393
126683026,2024-09-16 07:06:34,buy,1.00,usdjpy,140.037,2024-09-16 08:01:47,140.133,658486
126683027,2024-09-16 07:06:34,buy,1.00,eurjpy,155.485,2024-09-16 07:32:29,155.582,658502
126683460,2024-09-16 07:16:06,sell,1.00,usdjpy,140.086,2024-09-16 07:18:28,140.077,675626
126683461,2024-09-16 07:16:06,sell,1.00,eurjpy,155.560,2024-09-16 07:18:51,155.545,675626
126683525,2024-09-16 07:18:51,sell,1.00,usdjpy,140.102,2024-09-16 07:40:13,140.268,680594
126683527,2024-09-16 07:18:58,sell,1.00,eurjpy,155.574,2024-09-16 07:22:13,155.563,680795
126683533,2024-09-16 07:19:07,buy,1.00,xauusd,2586.35,2024-09-16 09:20:37,2589.00,681069
126683659,2024-09-16 07:22:48,sell,1.00,eurjpy,155.593,2024-09-16 07:23:20,155.574,687700
126683672,2024-09-16 07:23:43,sell,1.00,eurjpy,155.604,2024-09-16 07:38:00,155.634,689355
126684232,2024-09-16 07:36:01,buy,1.00,eurjpy,155.612,2024-09-16 08:21:40,155.559,711483
126684348,2024-09-16 07:39:54,sell,1.00,eurjpy,155.675,2024-09-16 07:40:13,155.675,718486
126684373,2024-09-16 07:40:13,sell,1.00,usdjpy,140.289,2024-09-16 08:14:09,140.267,719060
126684490,2024-09-16 07:43:37,sell,1.00,eurjpy,155.645,2024-09-16 07:50:26,155.565,725173
126684957,2024-09-16 07:50:39,sell,1.00,eurjpy,155.598,2024-09-16 07:58:14,155.591,737826
126685381,2024-09-16 08:00:47,sell,1.00,eurjpy,155.564,2024-09-16 08:09:18,155.582,756048
126685457,2024-09-16 08:02:14,buy,1.00,usdjpy,140.162,2024-09-16 09:06:15,140.097,758665
126685769,2024-09-16 08:09:32,sell,1.00,eurjpy,155.612,2024-09-16 08:14:09,155.651,771793
126686038,2024-09-16 08:19:43,sell,1.00,usdjpy,140.237,2024-09-16 09:10:01,140.157,790150
126686039,2024-09-16 08:19:43,sell,1.00,eurjpy,155.617,2024-09-16 08:30:37,155.515,790150
126686167,2024-09-16 08:22:36,buy,1.00,eurjpy,155.529,2024-09-16 08:45:01,155.537,795317
126686660,2024-09-16 08:33:36,sell,1.00,eurjpy,155.573,2024-09-16 08:35:18,155.538,815135
126686904,2024-09-16 08:37:49,sell,1.00,eurjpy,155.508,2024-09-16 09:03:16,155.549,822725
126687299,2024-09-16 08:46:52,buy,1.00,eurjpy,155.567,2024-09-16 08:47:03,155.558,839013
126687326,2024-09-16 08:48:00,buy,1.00,eurjpy,155.529,2024-09-16 08:54:27,155.502,841046
126687736,2024-09-16 08:56:02,buy,1.00,eurjpy,155.478,2024-09-16 09:06:15,155.508,855514
126688225,2024-09-16 09:05:12,sell,1.00,eurjpy,155.518,2024-09-16 09:09:42,155.525,872000
126688267,2024-09-16 09:06:16,buy,1.00,eurjpy,155.478,2024-09-16 09:07:47,155.514,873926
126688275,2024-09-16 09:06:21,buy,1.00,usdjpy,140.082,2024-09-16 09:07:47,140.097,874083
126688329,2024-09-16 09:07:48,buy,1.00,eurjpy,155.484,2024-09-16 09:17:12,155.590,876677
126688331,2024-09-16 09:07:50,buy,1.00,usdjpy,140.073,2024-09-16 09:08:20,140.050,876752
126688406,2024-09-16 09:09:07,buy,1.00,usdjpy,140.062,2024-09-16 09:17:23,140.145,879061
126688473,2024-09-16 09:09:49,sell,1.00,eurjpy,155.555,2024-09-16 09:10:01,155.563,880326
126688498,2024-09-16 09:10:02,sell,1.00,usdjpy,140.182,2024-09-16 09:23:58,140.098,880725
126688509,2024-09-16 09:10:06,sell,1.00,eurjpy,155.593,2024-09-16 09:12:30,155.588,880834
126688644,2024-09-16 09:13:00,sell,1.00,eurjpy,155.553,2024-09-16 09:28:13,155.578,886063
126689056,2024-09-16 09:17:32,buy,1.00,eurjpy,155.566,2024-09-16 09:18:13,155.503,894219
126689064,2024-09-16 09:17:40,buy,1.00,usdjpy,140.121,2024-09-16 09:18:13,140.097,894452
126689095,2024-09-16 09:18:14,buy,1.00,usdjpy,140.075,2024-09-16 09:27:51,140.145,895464
126689154,2024-09-16 09:18:58,buy,1.00,eurjpy,155.534,2024-09-16 09:22:18,155.560,896774
126689351,2024-09-16 09:21:15,buy,1.00,xauusd,2588.40,2024-09-16 10:00:00,2585.49,900917
126689454,2024-09-16 09:24:02,sell,1.00,usdjpy,140.121,2024-09-16 10:07:20,139.889,905914
126689456,2024-09-16 09:24:04,buy,1.00,eurjpy,155.591,2024-09-16 09:27:51,155.588,905971
126689616,2024-09-16 09:27:53,buy,1.00,eurjpy,155.559,2024-09-16 09:32:57,155.601,912856
126689623,2024-09-16 09:27:56,buy,1.00,usdjpy,140.120,2024-09-16 09:35:30,140.052,912933
126689669,2024-09-16 09:29:07,sell,1.00,eurjpy,155.608,2024-09-16 10:00:02,155.426,915058
126689891,2024-09-16 09:33:04,buy,1.00,eurjpy,155.571,2024-09-16 09:35:30,155.549,922176
126690160,2024-09-16 09:36:05,buy,1.00,usdjpy,140.065,2024-09-16 09:40:48,139.995,927596
126690230,2024-09-16 09:37:21,buy,1.00,eurjpy,155.579,2024-09-16 09:43:02,155.415,929891
126690309,2024-09-16 09:38:29,sell,1.00,gbpusd,1.31634,2024-09-16 11:48:51,1.31823,931910
126690434,2024-09-16 09:40:49,buy,1.00,usdjpy,139.978,2024-09-16 09:43:02,139.930,936111
126690592,2024-09-16 09:43:03,buy,1.00,eurjpy,155.354,2024-09-16 09:47:03,155.383,940138
126690593,2024-09-16 09:43:03,buy,1.00,usdjpy,139.876,2024-09-16 09:49:02,139.757,940156
126691037,2024-09-16 09:47:04,buy,1.00,eurjpy,155.357,2024-09-16 09:47:46,155.399,947373
126691147,2024-09-16 09:48:01,buy,1.00,eurjpy,155.363,2024-09-16 09:49:02,155.288,949056
126691287,2024-09-16 09:49:04,buy,1.00,usdjpy,139.732,2024-09-16 09:53:00,139.806,950975
126691298,2024-09-16 09:49:08,buy,1.00,eurjpy,155.294,2024-09-16 09:53:00,155.375,951064
126691712,2024-09-16 09:53:02,buy,1.00,usdjpy,139.782,2024-09-16 09:53:20,139.795,958111
126691713,2024-09-16 09:53:03,buy,1.00,eurjpy,155.349,2024-09-16 09:57:10,155.410,958138
126691761,2024-09-16 09:53:44,buy,1.00,usdjpy,139.770,2024-09-16 09:57:10,139.841,959360
126692142,2024-09-16 09:57:33,buy,1.00,usdjpy,139.816,2024-09-16 10:12:14,139.890,966252
126692146,2024-09-16 09:57:35,buy,1.00,eurjpy,155.381,2024-09-16 10:03:42,155.436,966302
126692484,2024-09-16 10:00:01,buy,1.00,xauusd,2584.85,2024-09-16 10:17:41,2582.25,970668
126692732,2024-09-16 10:00:12,sell,1.00,eurjpy,155.396,2024-09-16 10:17:30,155.371,971019
126693088,2024-09-16 10:04:24,buy,1.00,eurjpy,155.466,2024-09-16 10:07:15,155.468,978549
126693342,2024-09-16 10:07:00,sell,1.00,xauusd,2584.16,2024-09-16 10:16:24,2581.82,983252
126693394,2024-09-16 10:07:30,sell,1.00,usdjpy,139.909,2024-09-16 10:56:30,139.907,984126
126693410,2024-09-16 10:07:51,buy,1.00,eurjpy,155.442,2024-09-16 10:13:25,155.417,984783
126693892,2024-09-16 10:12:16,buy,1.00,usdjpy,139.865,2024-09-16 10:15:44,139.859,992733
126694129,2024-09-16 10:14:41,buy,1.00,eurjpy,155.447,2024-09-16 10:14:43,155.441,997083
126694298,2024-09-16 10:15:20,buy,1.00,eurjpy,155.396,2024-09-16 10:15:44,155.406,998241
126694325,2024-09-16 10:15:56,buy,1.00,eurjpy,155.378,2024-09-16 10:19:08,155.329,999317
126694339,2024-09-16 10:16:02,buy,1.00,usdjpy,139.823,2024-09-16 10:23:30,139.772,999483
126694455,2024-09-16 10:17:28,sell,1.00,xauusd,2582.31,2024-09-16 10:44:25,2582.99,1002088
126694465,2024-09-16 10:17:41,buy,1.00,xauusd,2581.82,2024-09-16 10:25:38,2583.13,1002487
126694536,2024-09-16 10:18:18,sell,1.00,eurjpy,155.340,2024-09-16 10:56:30,155.486,1003595
126694620,2024-09-16 10:19:11,buy,1.00,eurjpy,155.295,2024-09-16 10:22:51,155.307,1005183
126695120,2024-09-16 10:23:33,buy,1.00,eurjpy,155.277,2024-09-16 10:26:01,155.173,1013032
126695126,2024-09-16 10:23:38,buy,1.00,usdjpy,139.748,2024-09-16 10:30:02,139.708,1013195
126695467,2024-09-16 10:25:56,buy,1.00,xauusd,2582.25,2024-09-16 10:47:10,2584.26,1017317
126695540,2024-09-16 10:26:08,buy,1.00,eurjpy,155.205,2024-09-16 10:30:02,155.241,1017664
126696001,2024-09-16 10:30:02,buy,1.00,usdjpy,139.683,2024-09-16 12:07:36,139.863,1024723
126696032,2024-09-16 10:30:08,buy,1.00,eurjpy,155.2117,2024-09-16 10:32:07,155.195,1024895
126696367,2024-09-16 10:32:52,buy,1.00,eurjpy,155.215,2024-09-16 10:35:39,155.273,1029814
126696639,2024-09-16 10:36:01,buy,1.00,eurjpy,155.240,2024-09-16 10:37:52,155.219,1035465
126697024,2024-09-16 10:38:56,buy,1.00,eurjpy,155.249,2024-09-16 10:39:32,155.270,1040748
126697077,2024-09-16 10:39:42,buy,1.00,eurjpy,155.242,2024-09-16 10:41:06,155.335,1042108
126697329,2024-09-16 10:43:01,buy,1.00,eurjpy,155.280,2024-09-16 11:14:16,155.446,1048083
126697486,2024-09-16 10:44:39,sell,1.00,xauusd,2583.47,2024-09-16 12:19:36,2586.61,1051026
126698005,2024-09-16 10:47:17,buy,1.00,xauusd,2583.64,2024-09-16 10:49:49,2583.97,1055749
126698276,2024-09-16 10:49:58,buy,1.00,xauusd,2583.45,2024-09-16 10:54:33,2582.46,1060595
126698963,2024-09-16 10:55:08,buy,1.00,xauusd,2582.51,2024-09-16 12:06:01,2587.27,1069895
126699183,2024-09-16 10:56:31,sell,1.00,usdjpy,139.932,2024-09-16 12:20:22,139.963,1072353
126700036,2024-09-16 11:01:29,sell,1.00,eurjpy,155.456,2024-09-16 11:10:58,155.426,1081295
126701161,2024-09-16 11:13:55,sell,1.00,eurjpy,155.455,2024-09-16 12:16:30,155.683,1103685
126701379,2024-09-16 11:15:19,buy,1.00,eurjpy,155.416,2024-09-16 11:16:17,155.402,1106226
126702156,2024-09-16 11:20:00,buy,1.00,eurjpy,155.433,2024-09-16 11:29:04,155.514,1114652
126703486,2024-09-16 11:29:23,buy,1.00,eurjpy,155.485,2024-09-16 11:30:01,155.482,1131529
126704059,2024-09-16 11:31:11,buy,1.00,eurjpy,155.518,2024-09-16 12:26:02,155.721,1134761
126706229,2024-09-16 11:48:52,sell,1.00,audusd,0.67400,2024-09-16 11:48:53,0.67384,1166603
126706370,2024-09-16 11:49:07,sell,1.00,gbpusd,1.31874,2024-09-16 16:17:52,1.32067,1167069
126706374,2024-09-16 11:49:08,sell,1.00,audusd,0.67443,2024-09-17 15:30:38,0.67591,1167080
126708469,2024-09-16 12:06:09,buy,1.00,xauusd,2586.78,2024-09-16 12:30:34,2588.03,1197726
126708657,2024-09-16 12:08:12,buy,1.00,usdjpy,139.838,2024-09-16 12:21:08,139.991,1201413
126709263,2024-09-16 12:16:38,sell,1.00,eurjpy,155.713,2024-09-16 14:20:19,155.763,1216595
126709703,2024-09-16 12:21:03,sell,1.00,usdjpy,139.988,2024-09-16 12:31:31,139.953,1224549
126709708,2024-09-16 12:21:09,buy,1.00,usdjpy,139.969,2024-09-16 12:26:02,139.932,1224720
126709854,2024-09-16 12:24:42,sell,1.00,xauusd,2587.06,2024-09-16 13:56:25,2578.56,1231128
126709940,2024-09-16 12:26:03,buy,1.00,usdjpy,139.915,2024-09-16 13:09:31,140.152,1233533
126710586,2024-09-16 12:31:27,buy,1.00,xauusd,2587.14,2024-09-16 12:33:49,2586.69,1243278
126710595,2024-09-16 12:31:31,buy,1.00,eurjpy,155.757,2024-09-16 13:09:31,155.892,1243398
126710603,2024-09-16 12:31:33,sell,1.00,usdjpy,139.977,2024-09-16 12:34:49,140.008,1243435
126710718,2024-09-16 12:34:12,buy,1.00,xauusd,2586.21,2024-09-16 12:40:16,2586.25,1248203
126710886,2024-09-16 12:35:25,sell,1.00,usdjpy,140.055,2024-09-16 13:54:07,140.157,1250402
126711362,2024-09-16 12:41:08,buy,1.00,xauusd,2585.76,2024-09-16 13:20:09,2585.16,1260700
126713492,2024-09-16 13:10:12,buy,1.00,usdjpy,140.166,2024-09-16 14:27:32,140.115,1313018
126713493,2024-09-16 13:10:12,buy,1.00,eurjpy,155.923,2024-09-16 14:27:32,155.804,1313021
126714236,2024-09-16 13:20:42,buy,1.00,xauusd,2584.55,2024-09-16 13:30:36,2581.43,1331882
126715165,2024-09-16 13:31:22,buy,1.00,xauusd,2581.84,2024-09-16 13:52:13,2577.10,1351114
126717563,2024-09-16 13:53:19,buy,1.00,xauusd,2576.56,2024-09-16 13:53:25,2575.96,1390589
126717592,2024-09-16 13:53:25,buy,1.00,xauusd,2575.55,2024-09-16 14:03:06,2580.96,1390803
126717757,2024-09-16 13:54:27,sell,1.00,usdjpy,140.182,2024-09-16 14:42:26,140.015,1392633
126718049,2024-09-16 13:59:07,sell,1.00,xauusd,2579.36,2024-09-16 14:56:36,2582.48,1401038
126718648,2024-09-16 14:03:43,buy,1.00,xauusd,2580.27,2024-09-16 14:04:00,2580.07,1409344
126718706,2024-09-16 14:04:20,buy,1.00,xauusd,2580.59,2024-09-16 14:06:29,2581.35,1410462
126719240,2024-09-16 14:12:05,buy,1.00,xauusd,2580.85,2024-09-16 14:12:32,2581.04,1424373
126719488,2024-09-16 14:16:29,buy,1.00,xauusd,2580.56,2024-09-16 14:17:24,2580.69,1432293
126719564,2024-09-16 14:17:35,buy,1.00,xauusd,2580.22,2024-09-16 14:19:06,2580.37,1434285
126719681,2024-09-16 14:19:26,buy,1.00,xauusd,2580.78,2024-09-16 14:20:39,2580.97,1437602
126719750,2024-09-16 14:20:41,sell,1.00,eurjpy,155.792,2024-09-16 14:34:18,155.790,1439872
126719774,2024-09-16 14:21:26,buy,1.00,xauusd,2581.45,2024-09-16 14:22:02,2581.19,1441222
126719844,2024-09-16 14:23:01,buy,1.00,xauusd,2581.59,2024-09-16 14:23:17,2581.43,1444083
126720020,2024-09-16 14:27:47,buy,1.00,eurjpy,155.774,2024-09-16 15:31:36,155.681,1452643
126720027,2024-09-16 14:27:56,buy,1.00,xauusd,2581.81,2024-09-16 14:30:00,2582.06,1452938
126720090,2024-09-16 14:28:27,buy,1.00,usdjpy,140.073,2024-09-16 14:35:09,140.092,1453827
126720290,2024-09-16 14:30:58,buy,1.00,xauusd,2581.56,2024-09-16 14:31:54,2581.74,1458381
126720423,2024-09-16 14:33:11,buy,1.00,xauusd,2582.31,2024-09-16 14:33:16,2582.23,1462350
126720446,2024-09-16 14:33:31,buy,1.00,xauusd,2581.76,2024-09-16 14:35:02,2581.30,1462960
126720561,2024-09-16 14:35:53,buy,1.00,usdjpy,140.052,2024-09-16 14:53:43,140.061,1467227
126720729,2024-09-16 14:38:08,sell,1.00,eurjpy,155.759,2024-09-16 14:53:48,155.751,1471264
126720738,2024-09-16 14:38:23,buy,1.00,xauusd,2580.86,2024-09-16 14:39:12,2581.01,1471714
126720891,2024-09-16 14:40:49,buy,1.00,xauusd,2581.46,2024-09-16 14:40:49,2581.45,1476104
126720953,2024-09-16 14:42:54,sell,1.00,usdjpy,140.039,2024-09-16 15:30:00,139.843,1479850
126720991,2024-09-16 14:43:53,buy,1.00,xauusd,2580.97,2024-09-16 14:44:46,2580.33,1481633
126721163,2024-09-16 14:45:06,buy,1.00,xauusd,2580.73,2024-09-16 14:45:19,2580.56,1483802
126721200,2024-09-16 14:45:58,buy,1.00,xauusd,2580.96,2024-09-16 14:46:17,2581.31,1485368
126721235,2024-09-16 14:46:21,buy,1.00,xauusd,2580.83,2024-09-16 14:51:00,2581.59,1486052
126721709,2024-09-16 14:52:06,buy,1.00,xauusd,2582.00,2024-09-16 15:05:52,2581.60,1496416
126721893,2024-09-16 14:54:04,buy,1.00,usdjpy,140.036,2024-09-16 15:26:40,139.806,1499955
126721958,2024-09-16 14:54:48,sell,1.00,eurjpy,155.780,2024-09-16 15:38:49,155.926,1501264
126722146,2024-09-16 14:57:25,sell,1.00,xauusd,2582.94,2024-09-16 15:02:50,2582.43,1505991
126722979,2024-09-16 15:04:23,sell,1.00,xauusd,2581.81,2024-09-16 15:12:25,2582.19,1518547
126723343,2024-09-16 15:08:15,buy,1.00,xauusd,2582.00,2024-09-16 15:08:46,2582.46,1525487
126723568,2024-09-16 15:10:20,buy,1.00,xauusd,2581.58,2024-09-16 15:15:09,2582.21,1529241
126723819,2024-09-16 15:13:38,sell,1.00,xauusd,2582.68,2024-09-16 15:23:02,2580.64,1535198
126724186,2024-09-16 15:17:48,buy,1.00,xauusd,2581.72,2024-09-16 15:25:17,2581.56,1542668
126724798,2024-09-16 15:23:03,sell,1.00,xauusd,2581.12,2024-09-16 15:55:01,2581.81,1552143
126725127,2024-09-16 15:25:51,buy,1.00,xauusd,2581.11,2024-09-16 15:35:19,2580.75,1557151
126725384,2024-09-16 15:28:09,buy,1.00,usdjpy,139.788,2024-09-16 15:31:36,139.864,1561305
126725870,2024-09-16 15:30:05,sell,1.00,usdjpy,139.938,2024-09-16 15:36:29,140.230,1564802
126726026,2024-09-16 15:30:55,buy,1.00,eurusd,1.11311,2024-09-17 15:30:00,1.11299,1566270
126726112,2024-09-16 15:31:42,buy,1.00,eurjpy,155.651,2024-09-16 15:54:04,156.101,1567714
126726124,2024-09-16 15:31:46,buy,1.00,usdjpy,139.839,2024-09-16 15:41:36,140.425,1567802
126726648,2024-09-16 15:35:26,buy,1.00,xauusd,2580.17,2024-09-16 15:36:28,2579.44,1574438
126726820,2024-09-16 15:36:30,sell,1.00,usdjpy,140.253,2024-09-16 15:38:49,140.195,1576335
126726856,2024-09-16 15:36:32,buy,1.00,xauusd,2578.92,2024-09-16 15:37:44,2580.92,1576383
126727117,2024-09-16 15:38:00,buy,1.00,xauusd,2580.01,2024-09-16 15:41:06,2579.48,1579031
126727277,2024-09-16 15:39:00,sell,1.00,eurjpy,156.026,2024-09-16 15:40:28,155.995,1580831
126727278,2024-09-16 15:39:00,sell,1.00,usdjpy,140.298,2024-09-16 15:39:28,140.261,1580831
126727343,2024-09-16 15:39:33,sell,1.00,usdjpy,140.286,2024-09-16 15:40:37,140.332,1581852
126727514,2024-09-16 15:40:38,sell,1.00,eurjpy,156.070,2024-09-16 15:40:39,156.074,1583787
126727517,2024-09-16 15:40:39,sell,1.00,usdjpy,140.361,2024-09-16 15:43:02,140.336,1583808
126727570,2024-09-16 15:40:46,sell,1.00,eurjpy,156.066,2024-09-16 15:43:45,156.106,1584007
126727720,2024-09-16 15:41:13,buy,1.00,xauusd,2579.00,2024-09-16 15:45:16,2580.26,1584814
126727812,2024-09-16 15:41:46,buy,1.00,usdjpy,140.399,2024-09-16 15:58:27,140.244,1585807
126728029,2024-09-16 15:43:06,sell,1.00,usdjpy,140.355,2024-09-16 15:43:45,140.375,1588202
126728184,2024-09-16 15:44:39,sell,1.00,eurjpy,156.068,2024-09-16 15:50:11,156.164,1591009
126728187,2024-09-16 15:44:49,sell,1.00,usdjpy,140.343,2024-09-16 15:50:46,140.396,1591300
126728357,2024-09-16 15:45:48,buy,1.00,xauusd,2580.71,2024-09-16 15:45:53,2580.78,1593058
126728422,2024-09-16 15:46:26,buy,1.00,xauusd,2579.95,2024-09-16 15:49:50,2580.89,1594208
126728690,2024-09-16 15:49:51,buy,1.00,xauusd,2580.46,2024-09-16 16:01:34,2584.48,1600353
126728824,2024-09-16 15:50:50,sell,1.00,usdjpy,140.418,2024-09-16 15:57:44,140.306,1602132
126728951,2024-09-16 15:52:22,sell,1.00,eurjpy,156.134,2024-09-16 15:55:02,156.055,1604906
126729180,2024-09-16 15:54:33,buy,1.00,eurjpy,156.067,2024-09-16 15:58:27,156.020,1608834
126729381,2024-09-16 15:56:03,sell,1.00,xauusd,2582.29,2024-09-16 16:00:06,2583.07,1611534
126729457,2024-09-16 15:56:43,sell,1.00,eurjpy,156.078,2024-09-16 15:57:44,156.072,1612718
126729613,2024-09-16 15:58:13,sell,1.00,usdjpy,140.277,2024-09-16 16:06:10,140.288,1615439
126729632,2024-09-16 15:58:19,sell,1.00,eurjpy,156.040,2024-09-16 16:20:25,156.206,1615595
126729675,2024-09-16 15:58:28,buy,1.00,usdjpy,140.222,2024-09-16 15:58:59,140.237,1615876
126729733,2024-09-16 15:59:01,buy,1.00,eurjpy,155.991,2024-09-16 16:01:19,156.059,1616868
126730130,2024-09-16 16:00:06,sell,1.00,xauusd,2583.69,2024-09-16 16:35:20,2585.91,1618830
126730153,2024-09-16 16:00:09,buy,1.00,usdjpy,140.267,2024-09-16 16:00:47,140.252,1618907
126730304,2024-09-16 16:01:00,buy,1.00,usdjpy,140.229,2024-09-16 16:02:34,140.282,1620429
126730378,2024-09-16 16:01:56,buy,1.00,xauusd,2583.98,2024-09-16 16:11:34,2584.88,1622117
126730517,2024-09-16 16:04:02,buy,1.00,eurjpy,156.090,2024-09-16 16:04:53,156.062,1625906
126730518,2024-09-16 16:04:03,buy,1.00,usdjpy,140.311,2024-09-16 16:04:53,140.293,1625924
126730651,2024-09-16 16:05:38,buy,1.00,eurjpy,156.099,2024-09-16 16:05:39,156.100,1628782
126730652,2024-09-16 16:05:38,buy,1.00,usdjpy,140.328,2024-09-16 16:06:05,140.317,1628782
126730664,2024-09-16 16:05:46,buy,1.00,audusd,0.67411,2024-09-17 15:30:03,0.67560,1629007
126730698,2024-09-16 16:06:09,buy,1.00,usdjpy,140.292,2024-09-16 16:07:55,140.271,1629706
126730701,2024-09-16 16:06:11,buy,1.00,eurjpy,156.088,2024-09-16 16:06:49,156.066,1629765
126730705,2024-09-16 16:06:12,sell,1.00,usdjpy,140.313,2024-09-16 16:21:25,140.376,1629772
126730809,2024-09-16 16:07:44,buy,1.00,eurjpy,156.037,2024-09-16 16:07:55,156.055,1632545
126730856,2024-09-16 16:08:47,buy,1.00,usdjpy,140.304,2024-09-16 16:11:22,140.361,1634433
126730908,2024-09-16 16:09:43,buy,1.00,eurjpy,156.086,2024-09-16 16:11:22,156.149,1636114
126731155,2024-09-16 16:12:01,buy,1.00,xauusd,2585.28,2024-09-16 16:36:46,2584.31,1640252
126731218,2024-09-16 16:12:56,buy,1.00,eurjpy,156.182,2024-09-16 16:25:09,156.221,1641922
126731243,2024-09-16 16:13:08,buy,1.00,usdjpy,140.391,2024-09-16 16:19:00,140.380,1642269
126731847,2024-09-16 16:19:05,sell,1.00,gbpusd,1.32096,2024-09-16 17:37:01,1.32024,1652995
126731934,2024-09-16 16:20:03,buy,1.00,usdjpy,140.408,2024-09-16 16:30:35,140.328,1654719
126731971,2024-09-16 16:20:32,sell,1.00,eurjpy,156.235,2024-09-16 16:21:25,156.209,1655583
126732073,2024-09-16 16:21:32,sell,1.00,eurjpy,156.238,2024-09-16 16:31:03,156.279,1657414
126732112,2024-09-16 16:22:00,sell,1.00,usdjpy,140.407,2024-09-16 16:31:03,140.375,1658215
126732545,2024-09-16 16:26:59,buy,1.00,eurjpy,156.255,2024-09-16 16:30:35,156.219,1667204
126733490,2024-09-16 16:31:00,buy,1.00,eurjpy,156.251,2024-09-16 17:01:02,156.373,1674441
126733491,2024-09-16 16:31:00,buy,1.00,usdjpy,140.362,2024-09-16 16:46:55,140.458,1674452
126733531,2024-09-16 16:31:03,sell,1.00,usdjpy,140.400,2024-09-16 17:00:31,140.507,1674533
126733761,2024-09-16 16:31:55,sell,1.00,eurjpy,156.323,2024-09-16 17:00:31,156.328,1676090
126734700,2024-09-16 16:35:26,sell,1.00,xauusd,2585.45,2024-09-16 16:43:32,2583.13,1682402
126735080,2024-09-16 16:36:48,buy,1.00,xauusd,2583.81,2024-09-16 16:40:20,2584.78,1684873
126736039,2024-09-16 16:40:21,buy,1.00,xauusd,2584.14,2024-09-16 16:54:19,2588.33,1691254
126736728,2024-09-16 16:43:50,sell,1.00,xauusd,2582.70,2024-09-16 16:45:10,2583.36,1697536
126737111,2024-09-16 16:45:11,sell,1.00,xauusd,2583.81,2024-09-16 16:46:27,2583.94,1699967
126737345,2024-09-16 16:46:33,sell,1.00,xauusd,2584.41,2024-09-16 16:46:52,2584.13,1702414
126737454,2024-09-16 16:47:02,sell,1.00,xauusd,2584.79,2024-09-16 16:47:19,2585.35,1703314
126737462,2024-09-16 16:47:05,buy,1.00,usdjpy,140.440,2024-09-16 17:01:02,140.558,1703389
126737553,2024-09-16 16:47:29,sell,1.00,xauusd,2585.83,2024-09-16 16:51:26,2586.79,1704100
126738475,2024-09-16 16:51:32,sell,1.00,xauusd,2587.53,2024-09-16 17:02:12,2585.43,1711398
126739293,2024-09-16 16:54:58,buy,1.00,xauusd,2588.74,2024-09-16 17:00:51,2586.74,1717569
126740562,2024-09-16 17:00:33,sell,1.00,eurjpy,156.357,2024-09-16 18:07:23,156.265,1727619
126740570,2024-09-16 17:00:34,sell,1.00,usdjpy,140.532,2024-09-16 17:40:32,140.386,1727648
126740654,2024-09-16 17:00:54,buy,1.00,xauusd,2586.11,2024-09-16 17:02:03,2585.66,1728255
126740898,2024-09-16 17:02:04,buy,1.00,xauusd,2585.31,2024-09-16 17:03:22,2584.21,1730354
126740946,2024-09-16 17:02:12,buy,1.00,eurjpy,156.403,2024-09-16 17:18:00,156.381,1730588
126740965,2024-09-16 17:02:18,buy,1.00,usdjpy,140.587,2024-09-16 17:35:15,140.439,1730764
126740976,2024-09-16 17:02:21,sell,1.00,xauusd,2584.98,2024-09-16 17:05:09,2584.57,1730883
126741275,2024-09-16 17:03:33,buy,1.00,xauusd,2583.80,2024-09-16 17:10:35,2583.71,1733019
126741559,2024-09-16 17:05:11,sell,1.00,xauusd,2584.98,2024-09-16 17:07:47,2581.11,1735952
126742082,2024-09-16 17:07:52,sell,1.00,xauusd,2581.65,2024-09-16 17:13:03,2582.39,1740783
126742645,2024-09-16 17:10:55,buy,1.00,xauusd,2582.88,2024-09-16 17:11:13,2582.65,1746286
126742705,2024-09-16 17:11:19,buy,1.00,xauusd,2582.15,2024-09-16 17:16:34,2581.38,1747003
126742926,2024-09-16 17:13:04,sell,1.00,xauusd,2582.90,2024-09-16 17:14:58,2581.16,1750142
126743391,2024-09-16 17:15:08,sell,1.00,xauusd,2580.75,2024-09-16 17:18:48,2580.06,1753873
126743638,2024-09-16 17:16:40,buy,1.00,xauusd,2580.85,2024-09-16 17:20:31,2579.71,1756652
126743995,2024-09-16 17:19:03,sell,1.00,xauusd,2580.56,2024-09-16 17:25:40,2580.33,1760924
126744040,2024-09-16 17:19:29,buy,1.00,eurjpy,156.409,2024-09-16 17:20:03,156.430,1761684
126744191,2024-09-16 17:20:23,buy,1.00,eurjpy,156.401,2024-09-16 17:27:32,156.373,1763306
126744249,2024-09-16 17:20:33,buy,1.00,xauusd,2579.04,2024-09-16 17:20:34,2578.78,1763602
126744326,2024-09-16 17:20:47,buy,1.00,xauusd,2579.32,2024-09-16 17:22:33,2579.29,1764043
126744525,2024-09-16 17:22:34,buy,1.00,xauusd,2578.82,2024-09-16 17:30:45,2578.24,1767260
126745045,2024-09-16 17:25:45,sell,1.00,xauusd,2580.82,2024-09-16 17:26:34,2580.52,1772976
126745303,2024-09-16 17:27:04,sell,1.00,xauusd,2579.55,2024-09-16 17:36:02,2578.01,1775350
126746228,2024-09-16 17:31:02,buy,1.00,eurjpy,156.285,2024-09-16 17:57:13,156.223,1782493
126746237,2024-09-16 17:31:03,buy,1.00,xauusd,2577.08,2024-09-16 17:37:20,2578.23,1782544
126747235,2024-09-16 17:35:32,buy,1.00,usdjpy,140.416,2024-09-16 18:30:24,140.661,1790593
126747327,2024-09-16 17:36:03,sell,1.00,xauusd,2578.43,2024-09-16 17:37:41,2577.75,1791517
126747579,2024-09-16 17:37:27,buy,1.00,xauusd,2578.02,2024-09-16 17:40:32,2580.16,1794064
126747695,2024-09-16 17:38:11,sell,1.00,xauusd,2578.24,2024-09-16 17:38:25,2578.88,1795346
126747779,2024-09-16 17:38:28,sell,1.00,xauusd,2579.37,2024-09-16 17:42:45,2579.84,1795859
126748166,2024-09-16 17:40:41,buy,1.00,xauusd,2579.59,2024-09-16 18:04:00,2581.61,1799857
126748193,2024-09-16 17:40:50,sell,1.00,gbpusd,1.31999,2024-09-17 15:31:23,1.32151,1800126
126748207,2024-09-16 17:40:57,sell,1.00,usdjpy,140.426,2024-09-16 17:53:14,140.379,1800333
126748506,2024-09-16 17:43:02,sell,1.00,xauusd,2579.39,2024-09-16 18:14:54,2580.84,1804093
126750382,2024-09-16 17:53:58,sell,1.00,usdjpy,140.432,2024-09-16 18:07:23,140.523,1823768
126751992,2024-09-16 18:04:05,buy,1.00,xauusd,2581.11,2024-09-16 18:08:46,2580.27,1841979
126752002,2024-09-16 18:04:08,buy,1.00,eurjpy,156.241,2024-09-16 18:30:24,156.463,1842095
126752576,2024-09-16 18:07:24,sell,1.00,eurjpy,156.294,2024-09-17 01:43:06,156.637,1847963
126752603,2024-09-16 18:07:45,sell,1.00,usdjpy,140.566,2024-09-16 18:30:06,140.626,1848586
126752912,2024-09-16 18:09:45,buy,1.00,xauusd,2580.72,2024-09-16 18:11:31,2581.06,1852164
126753258,2024-09-16 18:11:32,buy,1.00,xauusd,2580.56,2024-09-16 18:12:00,2580.51,1855391
126753428,2024-09-16 18:12:32,buy,1.00,xauusd,2580.01,2024-09-16 18:30:06,2581.26,1857203
126753869,2024-09-16 18:15:26,sell,1.00,xauusd,2580.40,2024-09-17 05:06:47,2583.44,1862396
126756298,2024-09-16 18:30:20,sell,1.00,usdjpy,140.651,2024-09-16 18:53:12,140.856,1889231
126756309,2024-09-16 18:30:24,buy,1.00,xauusd,2580.91,2024-09-16 18:36:24,2581.70,1889369
126756321,2024-09-16 18:30:28,buy,1.00,usdjpy,140.641,2024-09-16 18:44:16,140.780,1889495
126756325,2024-09-16 18:30:31,buy,1.00,eurjpy,156.434,2024-09-16 18:44:16,156.517,1889552
126757124,2024-09-16 18:36:30,buy,1.00,xauusd,2581.20,2024-09-16 18:41:03,2580.63,1900326
126757969,2024-09-16 18:41:36,buy,1.00,xauusd,2580.16,2024-09-16 18:44:49,2579.96,1909502
126758484,2024-09-16 18:44:18,buy,1.00,eurjpy,156.487,2024-09-16 18:50:27,156.637,1914372
126758538,2024-09-16 18:44:34,buy,1.00,usdjpy,140.761,2024-09-16 18:50:14,140.878,1914855
126758803,2024-09-16 18:45:52,buy,1.00,xauusd,2579.51,2024-09-16 18:56:22,2579.28,1917212
126759554,2024-09-16 18:51:03,buy,1.00,usdjpy,140.908,2024-09-16 21:25:39,140.714,1926503
126759603,2024-09-16 18:51:21,buy,1.00,eurjpy,156.610,2024-09-16 21:25:39,156.507,1927057
126759857,2024-09-16 18:53:19,sell,1.00,usdjpy,140.880,2024-09-17 01:43:06,140.764,1930595
126760316,2024-09-16 18:56:42,buy,1.00,xauusd,2579.70,2024-09-16 20:41:34,2581.79,1936698
126769686,2024-09-16 20:41:35,buy,1.00,xauusd,2581.55,2024-09-17 03:56:54,2581.53,2125476
126772386,2024-09-16 21:25:41,buy,1.00,usdjpy,140.689,2024-09-16 22:22:13,140.865,2204852
126772391,2024-09-16 21:25:55,buy,1.00,eurjpy,156.477,2024-09-17 01:15:03,156.594,2205281
126776211,2024-09-16 22:24:39,buy,1.00,usdjpy,140.834,2024-09-16 23:20:01,140.660,2311011
126778821,2024-09-16 23:28:46,buy,1.00,usdjpy,140.636,2024-09-16 23:54:07,140.600,2426383
126779715,2024-09-17 00:02:01,buy,1.00,usdjpy,140.658,2024-09-17 01:06:10,140.689,2486252
126780605,2024-09-17 01:07:09,buy,1.00,usdjpy,140.664,2024-09-17 02:19:44,141.111,2603473
126781042,2024-09-17 01:16:50,buy,1.00,usdcad,1.35852,2024-09-17 15:31:46,1.36057,2620933
126781143,2024-09-17 01:19:14,buy,1.00,eurjpy,156.565,2024-09-17 01:21:46,156.560,2625230
126781430,2024-09-17 01:29:15,buy,1.00,eurjpy,156.536,2024-09-17 02:18:30,157.051,2643261
126782341,2024-09-17 01:45:36,sell,1.00,eurjpy,156.669,2024-09-17 01:47:10,156.666,2672692
126782400,2024-09-17 01:46:10,sell,1.00,usdjpy,140.792,2024-09-17 02:08:11,140.878,2673720
126783065,2024-09-17 01:54:50,sell,1.00,eurjpy,156.706,2024-09-17 02:08:11,156.746,2689316
126784182,2024-09-17 02:08:27,sell,1.00,eurjpy,156.802,2024-09-17 02:18:29,156.991,2713829
126784248,2024-09-17 02:08:59,sell,1.00,usdjpy,140.947,2024-09-17 02:16:44,140.998,2714789
126785162,2024-09-17 02:17:01,sell,1.00,usdjpy,140.966,2024-09-17 02:18:29,141.133,2729245
126785408,2024-09-17 02:18:29,sell,1.00,usdjpy,141.158,2024-09-17 02:18:32,141.203,2731916
126785423,2024-09-17 02:18:30,sell,1.00,eurjpy,157.044,2024-09-17 02:18:54,156.979,2731920
126785453,2024-09-17 02:18:32,buy,1.00,eurjpy,157.093,2024-09-17 02:18:34,157.109,2731997
126785460,2024-09-17 02:18:33,sell,1.00,usdjpy,141.228,2024-09-17 02:18:34,141.215,2732002
126785495,2024-09-17 02:18:36,sell,1.00,usdjpy,141.184,2024-09-17 02:18:54,141.110,2732102
126785556,2024-09-17 02:18:47,buy,1.00,eurjpy,157.033,2024-09-17 02:20:17,156.926,2732438
126785587,2024-09-17 02:18:54,sell,1.00,usdjpy,141.130,2024-09-17 02:19:03,141.150,2732652
126785596,2024-09-17 02:18:59,sell,1.00,eurjpy,157.006,2024-09-17 02:22:45,156.917,2732795
126785648,2024-09-17 02:19:11,sell,1.00,usdjpy,141.175,2024-09-17 02:22:45,141.038,2733157
126785705,2024-09-17 02:19:49,buy,1.00,usdjpy,141.091,2024-09-17 02:20:17,141.061,2734296
126785766,2024-09-17 02:20:19,buy,1.00,eurjpy,156.897,2024-09-17 02:53:41,156.713,2735184
126785770,2024-09-17 02:20:22,buy,1.00,usdjpy,141.040,2024-09-17 02:39:26,140.908,2735283
126785911,2024-09-17 02:23:05,sell,1.00,usdjpy,141.063,2024-09-17 02:45:31,140.853,2740155
126785929,2024-09-17 02:23:19,sell,1.00,eurjpy,156.945,2024-09-17 02:28:50,156.783,2740600
126786341,2024-09-17 02:31:33,sell,1.00,eurjpy,156.813,2024-09-17 02:39:28,156.755,2755408
126786534,2024-09-17 02:39:27,buy,1.00,usdjpy,140.884,2024-09-17 03:00:46,140.822,2769639
126786546,2024-09-17 02:39:42,sell,1.00,eurjpy,156.784,2024-09-17 02:43:06,156.780,2770062
126786692,2024-09-17 02:45:01,sell,1.00,eurjpy,156.738,2024-09-17 02:45:31,156.750,2779635
126786729,2024-09-17 02:45:35,sell,1.00,eurjpy,156.773,2024-09-17 02:45:57,156.776,2780648
126786730,2024-09-17 02:45:35,sell,1.00,usdjpy,140.875,2024-09-17 02:47:37,140.896,2780648
126786757,2024-09-17 02:46:12,sell,1.00,eurjpy,156.799,2024-09-17 02:46:30,156.796,2781762
126786772,2024-09-17 02:46:48,sell,1.00,eurjpy,156.823,2024-09-17 02:52:00,156.684,2782849
126786803,2024-09-17 02:48:08,sell,1.00,usdjpy,140.868,2024-09-17 02:52:00,140.779,2785258
126786993,2024-09-17 02:52:19,sell,1.00,usdjpy,140.804,2024-09-17 03:10:18,140.640,2792774
126787027,2024-09-17 02:53:41,sell,1.00,eurjpy,156.713,2024-09-17 03:00:13,156.738,2795271
126787182,2024-09-17 02:57:49,buy,1.00,eurjpy,156.693,2024-09-17 03:18:24,156.496,2802687
126787475,2024-09-17 03:00:47,sell,1.00,eurjpy,156.708,2024-09-17 03:10:18,156.549,2808029
126787555,2024-09-17 03:01:22,buy,1.00,usdjpy,140.777,2024-09-17 03:28:29,140.722,2809082
126788137,2024-09-17 03:10:24,sell,1.00,eurjpy,156.579,2024-09-17 03:15:01,156.503,2825345
126788158,2024-09-17 03:10:56,sell,1.00,usdjpy,140.689,2024-09-17 03:15:01,140.623,2826301
126788580,2024-09-17 03:15:07,sell,1.00,usdjpy,140.611,2024-09-17 03:45:39,140.660,2833823
126788712,2024-09-17 03:17:17,sell,1.00,eurjpy,156.527,2024-09-17 03:45:39,156.487,2837734
126788790,2024-09-17 03:19:04,buy,1.00,eurjpy,156.526,2024-09-17 03:28:29,156.576,2840949
126789360,2024-09-17 03:29:01,buy,1.00,usdjpy,140.700,2024-09-17 03:38:30,140.615,2858851
126789412,2024-09-17 03:29:33,buy,1.00,eurjpy,156.513,2024-09-17 03:32:40,156.452,2859808
126789631,2024-09-17 03:32:49,buy,1.00,eurjpy,156.391,2024-09-17 04:00:09,156.445,2865690
126790224,2024-09-17 03:38:32,buy,1.00,usdjpy,140.590,2024-09-17 04:12:51,140.477,2875952
126791488,2024-09-17 03:45:47,sell,1.00,usdjpy,140.685,2024-09-17 04:02:19,140.603,2889038
126791720,2024-09-17 03:47:11,sell,1.00,eurjpy,156.517,2024-09-17 04:02:19,156.403,2891539
126792669,2024-09-17 03:57:08,buy,1.00,xauusd,2581.01,2024-09-17 03:58:58,2580.79,2909438
126793231,2024-09-17 04:00:22,buy,1.00,eurjpy,156.420,2024-09-17 04:05:59,156.455,2915293
126793248,2024-09-17 04:00:43,buy,1.00,xauusd,2580.29,2024-09-17 04:17:56,2579.59,2915898
126793594,2024-09-17 04:02:54,sell,1.00,usdjpy,140.628,2024-09-17 04:20:09,140.430,2919844
126793865,2024-09-17 04:04:58,sell,1.00,eurjpy,156.461,2024-09-17 04:11:44,156.334,2923560
126794304,2024-09-17 04:08:40,buy,1.00,eurjpy,156.411,2024-09-17 04:12:51,156.281,2930226
126794839,2024-09-17 04:12:47,sell,1.00,eurjpy,156.304,2024-09-17 04:14:55,156.278,2937626
126794886,2024-09-17 04:12:52,buy,1.00,usdjpy,140.445,2024-09-17 04:17:56,140.490,2937772
126794888,2024-09-17 04:12:52,buy,1.00,eurjpy,156.257,2024-09-17 04:17:56,156.276,2937793
126795398,2024-09-17 04:15:47,sell,1.00,eurjpy,156.307,2024-09-17 04:20:06,156.244,2943047
126795755,2024-09-17 04:20:03,buy,1.00,xauusd,2578.99,2024-09-17 05:35:12,2585.15,2950714
126795779,2024-09-17 04:20:05,buy,1.00,eurjpy,156.244,2024-09-17 04:51:51,156.273,2950754
126795780,2024-09-17 04:20:05,buy,1.00,usdjpy,140.449,2024-09-17 04:51:51,140.454,2950754
126795802,2024-09-17 04:20:09,sell,1.00,usdjpy,140.457,2024-09-17 04:20:10,140.442,2950888
126795812,2024-09-17 04:20:11,sell,1.00,usdjpy,140.466,2024-09-17 04:21:53,140.408,2950952
126795920,2024-09-17 04:20:52,sell,1.00,eurjpy,156.204,2024-09-17 04:26:23,156.200,2952187
126796241,2024-09-17 04:22:55,sell,1.00,usdjpy,140.433,2024-09-17 04:26:23,140.408,2955869
126796868,2024-09-17 04:27:22,sell,1.00,eurjpy,156.228,2024-09-17 05:27:25,156.254,2963890
126796882,2024-09-17 04:27:29,sell,1.00,usdjpy,140.432,2024-09-17 05:31:03,140.352,2964095
126799858,2024-09-17 04:51:52,buy,1.00,usdjpy,140.429,2024-09-17 05:26:43,140.428,3007970
126799863,2024-09-17 04:51:53,buy,1.00,eurjpy,156.246,2024-09-17 04:52:18,156.244,3008015
126799960,2024-09-17 04:52:32,buy,1.00,eurjpy,156.206,2024-09-17 05:09:04,156.223,3009168
126802010,2024-09-17 05:10:47,sell,1.00,xauusd,2583.94,2024-09-17 05:13:33,2584.60,3042027
126802143,2024-09-17 05:11:34,buy,1.00,eurjpy,156.170,2024-09-17 05:18:49,156.282,3043423
126802472,2024-09-17 05:13:39,sell,1.00,xauusd,2585.10,2024-09-17 06:06:32,2580.47,3047195
126803371,2024-09-17 05:19:14,buy,1.00,eurjpy,156.253,2024-09-17 05:34:29,156.241,3057234
126804478,2024-09-17 05:29:01,sell,1.00,eurjpy,156.222,2024-09-17 05:31:03,156.194,3074849
126804500,2024-09-17 05:29:17,buy,1.00,usdjpy,140.386,2024-09-17 05:34:29,140.399,3075312
126804699,2024-09-17 05:31:04,sell,1.00,usdjpy,140.377,2024-09-17 06:05:23,140.614,3078532
126804707,2024-09-17 05:31:23,sell,1.00,eurjpy,156.224,2024-09-17 06:10:31,156.465,3079098
126804829,2024-09-17 05:34:56,buy,1.00,usdjpy,140.359,2024-09-17 05:52:35,140.529,3085496
126804830,2024-09-17 05:34:56,buy,1.00,eurjpy,156.201,2024-09-17 05:44:55,156.300,3085496
126804912,2024-09-17 05:41:19,buy,1.00,xauusd,2584.44,2024-09-17 05:48:27,2582.70,3097000
126805100,2024-09-17 05:46:07,buy,1.00,eurjpy,156.331,2024-09-17 08:22:02,156.592,3105626
126805220,2024-09-17 05:48:28,buy,1.00,xauusd,2582.20,2024-09-17 05:57:08,2581.80,3109847
126805449,2024-09-17 05:53:35,buy,1.00,usdjpy,140.550,2024-09-17 06:35:46,140.563,3119044
126805605,2024-09-17 05:57:08,buy,1.00,xauusd,2581.30,2024-09-17 07:06:35,2578.69,3125472
126806200,2024-09-17 06:05:56,sell,1.00,usdjpy,140.638,2024-09-17 06:10:31,140.648,3141301
126806308,2024-09-17 06:07:16,sell,1.00,xauusd,2580.95,2024-09-17 06:35:24,2579.31,3143680
126806698,2024-09-17 06:11:53,sell,1.00,eurjpy,156.495,2024-09-17 06:30:00,156.369,3152027
126806720,2024-09-17 06:12:12,sell,1.00,usdjpy,140.619,2024-09-17 08:52:01,140.583,3152567
126808496,2024-09-17 06:30:02,sell,1.00,eurjpy,156.397,2024-09-17 07:08:05,156.394,3184683
126808735,2024-09-17 06:36:02,buy,1.00,usdjpy,140.540,2024-09-17 06:54:37,140.609,3195462
126808870,2024-09-17 06:40:27,sell,1.00,xauusd,2578.91,2024-09-17 07:50:22,2576.84,3203445
126810117,2024-09-17 06:55:02,buy,1.00,usdjpy,140.590,2024-09-17 08:32:45,140.666,3229673
126811758,2024-09-17 07:07:23,buy,1.00,xauusd,2578.25,2024-09-17 07:34:05,2578.67,3251924
126812041,2024-09-17 07:09:23,sell,1.00,eurjpy,156.481,2024-09-17 08:14:19,156.574,3255492
126814627,2024-09-17 07:34:08,buy,1.00,xauusd,2578.13,2024-09-17 07:34:27,2577.70,3300065
126815007,2024-09-17 07:37:52,buy,1.00,xauusd,2576.82,2024-09-17 07:39:47,2575.85,3306777
126815271,2024-09-17 07:39:47,buy,1.00,xauusd,2575.33,2024-09-17 09:19:56,2583.49,3310226
126816627,2024-09-17 07:52:14,sell,1.00,xauusd,2577.54,2024-09-17 08:36:12,2576.01,3332627
126819834,2024-09-17 08:15:58,sell,1.00,eurjpy,156.604,2024-09-17 08:52:01,156.401,3375336
126820510,2024-09-17 08:22:48,buy,1.00,eurjpy,156.567,2024-09-17 08:45:02,156.421,3387643
126821780,2024-09-17 08:33:00,buy,1.00,usdjpy,140.642,2024-09-17 08:38:59,140.606,3406001
126822201,2024-09-17 08:36:17,sell,1.00,xauusd,2576.46,2024-09-17 09:35:22,2585.78,3411934
126822412,2024-09-17 08:39:06,buy,1.00,usdjpy,140.584,2024-09-17 09:16:26,140.631,3417008
126823169,2024-09-17 08:45:55,buy,1.00,eurjpy,156.391,2024-09-17 09:01:37,156.550,3429260
126823932,2024-09-17 08:52:39,sell,1.00,usdjpy,140.608,2024-09-17 08:54:15,140.669,3441364
126824079,2024-09-17 08:54:24,sell,1.00,usdjpy,140.694,2024-09-17 09:00:27,140.698,3444537
126824083,2024-09-17 08:54:25,sell,1.00,eurjpy,156.515,2024-09-17 09:19:59,156.493,3444555
126825057,2024-09-17 09:01:38,sell,1.00,usdjpy,140.670,2024-09-17 09:26:46,140.526,3457546
126825088,2024-09-17 09:01:57,buy,1.00,eurjpy,156.520,2024-09-17 09:08:20,156.482,3458118
126825713,2024-09-17 09:08:38,buy,1.00,eurjpy,156.454,2024-09-17 09:16:26,156.527,3470132
126826400,2024-09-17 09:16:38,buy,1.00,usdjpy,140.608,2024-09-17 09:34:51,140.593,3484539
126826401,2024-09-17 09:16:38,buy,1.00,eurjpy,156.504,2024-09-17 09:18:07,156.463,3484539
126826559,2024-09-17 09:18:45,buy,1.00,eurjpy,156.493,2024-09-17 09:33:37,156.503,3488332
126826704,2024-09-17 09:20:33,sell,1.00,eurjpy,156.481,2024-09-17 09:30:49,156.431,3491615
126826712,2024-09-17 09:20:46,buy,1.00,xauusd,2583.91,2024-09-17 09:52:56,2585.18,3491982
126827285,2024-09-17 09:28:05,sell,1.00,usdjpy,140.548,2024-09-17 15:21:56,140.663,3505154
126827592,2024-09-17 09:31:07,sell,1.00,eurjpy,156.460,2024-09-17 09:55:22,156.452,3510618
126827788,2024-09-17 09:34:52,buy,1.00,eurjpy,156.475,2024-09-17 10:09:45,156.224,3517353
126827859,2024-09-17 09:35:29,buy,1.00,usdjpy,140.568,2024-09-17 09:43:11,140.589,3518465
126827868,2024-09-17 09:35:45,sell,1.00,xauusd,2585.34,2024-09-17 10:02:32,2584.86,3518956
126828360,2024-09-17 09:43:28,buy,1.00,usdjpy,140.564,2024-09-17 10:43:42,140.481,3532844
126829196,2024-09-17 09:53:13,buy,1.00,xauusd,2584.78,2024-09-17 11:15:30,2582.63,3550394
126829424,2024-09-17 09:56:26,sell,1.00,eurjpy,156.488,2024-09-17 10:00:22,156.443,3556202
126830004,2024-09-17 10:02:00,sell,1.00,eurjpy,156.412,2024-09-17 10:19:54,156.152,3566224
126830461,2024-09-17 10:07:48,sell,1.00,xauusd,2585.36,2024-09-17 11:23:04,2582.75,3576634
126830667,2024-09-17 10:10:16,buy,1.00,eurjpy,156.195,2024-09-17 10:13:03,156.157,3581071
126831015,2024-09-17 10:13:22,buy,1.00,eurjpy,156.078,2024-09-17 10:43:42,156.426,3586676
126832018,2024-09-17 10:21:49,sell,1.00,eurjpy,156.181,2024-09-17 10:46:13,156.334,3601872
126833882,2024-09-17 10:43:45,buy,1.00,usdjpy,140.454,2024-09-17 11:59:42,140.598,3641377
126833950,2024-09-17 10:44:21,buy,1.00,eurjpy,156.392,2024-09-17 10:55:07,156.516,3642452
126834308,2024-09-17 10:46:24,sell,1.00,eurjpy,156.363,2024-09-17 12:07:32,156.529,3646120
126834911,2024-09-17 10:55:30,buy,1.00,eurjpy,156.549,2024-09-17 11:57:13,156.734,3662511
126836964,2024-09-17 11:16:34,buy,1.00,xauusd,2582.14,2024-09-17 11:20:46,2583.58,3700444
126837280,2024-09-17 11:21:31,buy,1.00,xauusd,2582.96,2024-09-17 11:22:11,2583.16,3709331
126837319,2024-09-17 11:22:26,buy,1.00,xauusd,2582.69,2024-09-17 11:23:53,2583.39,3710964
126837378,2024-09-17 11:23:35,sell,1.00,xauusd,2583.37,2024-09-17 12:16:39,2576.03,3713040
126837446,2024-09-17 11:24:18,buy,1.00,xauusd,2582.88,2024-09-17 11:29:35,2581.67,3714354
126838078,2024-09-17 11:30:17,buy,1.00,xauusd,2581.01,2024-09-17 11:35:58,2582.94,3725115
126838498,2024-09-17 11:36:00,buy,1.00,xauusd,2582.44,2024-09-17 11:36:18,2582.51,3735400
126838603,2024-09-17 11:37:23,buy,1.00,xauusd,2581.76,2024-09-17 11:37:41,2581.64,3737887
126838680,2024-09-17 11:38:21,buy,1.00,xauusd,2581.13,2024-09-17 11:43:39,2580.13,3739615
126839565,2024-09-17 11:44:54,buy,1.00,xauusd,2579.68,2024-09-17 12:43:49,2573.20,3751423
126841149,2024-09-17 11:57:45,buy,1.00,eurjpy,156.707,2024-09-17 11:59:42,156.699,3774556
126841357,2024-09-17 11:59:45,buy,1.00,usdjpy,140.573,2024-09-17 12:02:19,140.576,3778170
126841378,2024-09-17 11:59:58,buy,1.00,eurjpy,156.669,2024-09-17 12:02:19,156.593,3778539
126841972,2024-09-17 12:02:19,buy,1.00,usdjpy,140.554,2024-09-17 13:41:18,140.625,3782787
126841978,2024-09-17 12:02:22,buy,1.00,eurjpy,156.565,2024-09-17 12:05:41,156.588,3782853
126842511,2024-09-17 12:06:53,buy,1.00,eurjpy,156.539,2024-09-17 12:17:55,156.576,3791006
126842653,2024-09-17 12:08:32,sell,1.00,eurjpy,156.558,2024-09-17 15:35:13,156.786,3793977
126843905,2024-09-17 12:18:08,buy,1.00,eurjpy,156.546,2024-09-17 13:41:18,156.584,3811239
126844010,2024-09-17 12:19:05,sell,1.00,xauusd,2575.59,2024-09-17 13:14:15,2573.83,3812934
126846913,2024-09-17 12:43:56,buy,1.00,xauusd,2572.68,2024-09-17 12:48:48,2575.51,3857677
126847515,2024-09-17 12:49:00,buy,1.00,xauusd,2574.95,2024-09-17 12:58:58,2574.19,3866816
126848526,2024-09-17 12:59:13,buy,1.00,xauusd,2573.71,2024-09-17 14:06:56,2573.58,3885177
126850296,2024-09-17 13:15:22,sell,1.00,xauusd,2573.40,2024-09-17 13:47:18,2570.61,3914282
126852358,2024-09-17 13:41:36,buy,1.00,eurjpy,156.555,2024-09-17 15:00:20,156.660,3961487
126852424,2024-09-17 13:42:40,buy,1.00,usdjpy,140.655,2024-09-17 15:00:20,140.645,3963389
126853252,2024-09-17 13:50:44,sell,1.00,xauusd,2571.19,2024-09-17 14:18:07,2574.58,3977929
126854770,2024-09-17 14:07:02,buy,1.00,xauusd,2573.09,2024-09-17 15:34:59,2573.59,4007253
126856734,2024-09-17 14:19:21,sell,1.00,xauusd,2575.47,2024-09-17 14:20:40,2574.52,4029425
126857045,2024-09-17 14:20:47,sell,1.00,xauusd,2574.98,2024-09-17 14:25:52,2575.08,4032023
126857665,2024-09-17 14:26:35,sell,1.00,xauusd,2575.54,2024-09-17 14:47:05,2580.47,4042450
126861613,2024-09-17 14:47:22,sell,1.00,xauusd,2581.04,2024-09-17 14:50:09,2578.85,4079858
126862163,2024-09-17 14:50:41,sell,1.00,xauusd,2579.76,2024-09-17 15:19:20,2580.12,4085807
126863686,2024-09-17 15:01:00,buy,1.00,usdjpy,140.622,2024-09-17 15:30:28,140.738,4104400
126863943,2024-09-17 15:02:49,buy,1.00,eurjpy,156.693,2024-09-17 15:32:20,156.784,4107677
126866186,2024-09-17 15:19:23,sell,1.00,xauusd,2580.62,2024-09-17 15:30:37,2577.02,4137484
126866687,2024-09-17 15:25:24,sell,1.00,usdjpy,140.633,2024-09-17 15:30:03,140.932,4148329
126867727,2024-09-17 15:30:03,buy,1.00,eurusd,1.11306,2024-09-17 15:30:03,1.11312,4156700
126867783,2024-09-17 15:30:04,sell,1.00,usdjpy,140.916,2024-09-17 15:30:06,140.916,4156718
126868004,2024-09-17 15:30:11,sell,1.00,usdjpy,140.892,2024-09-17 15:30:14,140.788,4156909
126868014,2024-09-17 15:30:11,buy,1.00,eurusd,1.11346,2024-09-17 15:30:12,1.11354,4156935
126868015,2024-09-17 15:30:11,buy,1.00,audusd,0.67611,2024-09-17 15:30:11,0.67615,4156935
126868031,2024-09-17 15:30:12,buy,1.00,gbpusd,1.32142,2024-09-17 15:30:12,1.32135,4156957
126868101,2024-09-17 15:30:15,sell,1.00,usdjpy,140.801,2024-09-17 15:30:16,140.704,4157032
126868116,2024-09-17 15:30:16,buy,1.00,gbpusd,1.32167,2024-09-17 15:30:16,1.32174,4157081
126868215,2024-09-17 15:30:20,sell,1.00,usdjpy,140.787,2024-09-17 15:30:20,140.778,4157196
126868217,2024-09-17 15:30:20,buy,1.00,audusd,0.67589,2024-09-17 15:31:01,0.67627,4157208
126868220,2024-09-17 15:30:20,buy,1.00,eurusd,1.11363,2024-09-17 15:30:20,1.11361,4157208
126868247,2024-09-17 15:30:21,buy,1.00,gbpusd,1.32177,2024-09-17 15:30:21,1.32174,4157216
126868250,2024-09-17 15:30:21,buy,1.00,eurusd,1.11400,2024-09-17 15:30:21,1.11387,4157239
126868252,2024-09-17 15:30:21,sell,1.00,usdjpy,140.651,2024-09-17 15:30:21,140.699,4157239
126868322,2024-09-17 15:30:25,sell,1.00,usdjpy,140.693,2024-09-17 15:30:50,140.691,4157350
126868417,2024-09-17 15:30:35,buy,1.00,usdjpy,140.788,2024-09-17 15:30:36,140.794,4157646
126868457,2024-09-17 15:30:38,sell,1.00,xauusd,2576.80,2024-09-17 15:31:54,2575.35,4157750
126868458,2024-09-17 15:30:38,buy,1.00,usdjpy,140.832,2024-09-17 15:30:39,140.793,4157750
126868486,2024-09-17 15:30:44,buy,1.00,eurusd,1.11344,2024-09-17 15:30:57,1.11399,4157915
126868503,2024-09-17 15:30:47,buy,1.00,gbpusd,1.32177,2024-09-17 15:30:49,1.32195,4158003
126868540,2024-09-17 15:30:49,buy,1.00,usdjpy,140.698,2024-09-17 15:31:27,140.775,4158049
126868617,2024-09-17 15:30:55,sell,1.00,usdjpy,140.607,2024-09-17 15:30:56,140.644,4158246
126868647,2024-09-17 15:30:57,sell,1.00,eurusd,1.11399,2024-09-17 15:31:35,1.11300,4158303
126868698,2024-09-17 15:31:01,sell,1.00,audusd,0.67626,2024-09-17 15:31:57,0.67545,4158430
126868729,2024-09-17 15:31:04,sell,1.00,usdjpy,140.591,2024-09-17 15:31:06,140.593,4158515
126868813,2024-09-17 15:31:16,buy,1.00,gbpusd,1.32199,2024-09-17 15:31:16,1.32189,4158877
126868846,2024-09-17 15:31:22,buy,1.00,gbpusd,1.32160,2024-09-17 15:33:02,1.32073,4159053
126868913,2024-09-17 15:31:27,sell,1.00,usdjpy,140.775,2024-09-17 15:35:07,140.888,4159203
126869031,2024-09-17 15:31:35,buy,1.00,eurusd,1.11300,2024-09-17 15:35:03,1.11272,4159446
126869121,2024-09-17 15:31:45,sell,1.00,usdcad,1.36056,2024-09-17 15:38:51,1.36121,4159746
126869204,2024-09-17 15:31:55,sell,1.00,xauusd,2574.80,2024-09-17 15:33:55,2572.85,4160042
126869214,2024-09-17 15:31:57,buy,1.00,audusd,0.67545,2024-09-17 15:35:37,0.67527,4160103
126869252,2024-09-17 15:32:02,buy,1.00,usdjpy,140.921,2024-09-17 15:32:03,140.915,4160253
126869262,2024-09-17 15:32:04,buy,1.00,usdjpy,140.890,2024-09-17 15:32:04,140.895,4160320
126869477,2024-09-17 15:32:38,buy,1.00,usdcad,1.36116,2024-09-17 15:32:39,1.36115,4161334
126869606,2024-09-17 15:33:01,sell,1.00,gbpusd,1.32068,2024-09-17 15:34:05,1.32002,4162011
126869619,2024-09-17 15:33:03,sell,1.00,eurusd,1.11285,2024-09-17 15:33:09,1.11255,4162086
126869620,2024-09-17 15:33:03,buy,1.00,usdjpy,140.882,2024-09-17 15:33:03,140.881,4162090
126869621,2024-09-17 15:33:03,sell,1.00,audusd,0.67540,2024-09-17 15:33:15,0.67523,4162090
126869635,2024-09-17 15:33:06,buy,1.00,usdjpy,140.911,2024-09-17 15:33:07,140.908,4162181
126869651,2024-09-17 15:33:07,buy,1.00,eurjpy,156.818,2024-09-17 15:39:47,156.766,4162209
126869652,2024-09-17 15:33:07,buy,1.00,usdjpy,140.938,2024-09-17 15:33:08,140.933,4162209
126869722,2024-09-17 15:33:14,buy,1.00,usdjpy,140.993,2024-09-17 15:33:14,140.978,4162416
126869845,2024-09-17 15:33:33,buy,1.00,gbpusd,1.32038,2024-09-17 15:35:07,1.32071,4162984
126869918,2024-09-17 15:33:45,buy,1.00,usdcad,1.36106,2024-09-17 15:34:05,1.36126,4163320
126869994,2024-09-17 15:34:01,buy,1.00,usdjpy,141.011,2024-09-17 15:34:01,141.019,4163827
126869997,2024-09-17 15:34:01,sell,1.00,eurusd,1.11224,2024-09-17 15:34:01,1.11222,4163838
126870000,2024-09-17 15:34:01,sell,1.00,xauusd,2572.22,2024-09-17 15:34:18,2572.58,4163838
126870120,2024-09-17 15:34:19,buy,1.00,usdjpy,141.076,2024-09-17 15:34:19,141.068,4164349
126870173,2024-09-17 15:34:26,sell,1.00,xauusd,2573.07,2024-09-17 15:34:40,2572.77,4164577
126870186,2024-09-17 15:34:28,sell,1.00,gbpusd,1.32031,2024-09-17 15:34:29,1.32032,4164636
126870292,2024-09-17 15:34:58,sell,1.00,audusd,0.67514,2024-09-17 15:36:39,0.67487,4165539
126870294,2024-09-17 15:34:59,sell,1.00,xauusd,2573.59,2024-09-17 15:35:07,2572.99,4165562
126870345,2024-09-17 15:35:01,buy,1.00,usdcad,1.36096,2024-09-17 15:35:08,1.36110,4165631
126870390,2024-09-17 15:35:03,sell,1.00,eurusd,1.11272,2024-09-17 15:37:41,1.11271,4165684
126870404,2024-09-17 15:35:04,buy,1.00,xauusd,2573.17,2024-09-17 15:35:32,2573.23,4165736
126870423,2024-09-17 15:35:06,buy,1.00,usdjpy,140.889,2024-09-17 15:37:27,140.877,4165770
126870426,2024-09-17 15:35:07,sell,1.00,gbpusd,1.32076,2024-09-17 15:36:47,1.32044,4165811
126870440,2024-09-17 15:35:08,sell,1.00,xauusd,2872.52,2024-09-17 15:35:08,2872.71,4165825
126870449,2024-09-17 15:35:11,sell,1.00,xauusd,2572.29,2024-09-17 15:35:11,2572.24,4165925
126870495,2024-09-17 15:35:22,sell,1.00,xauusd,2573.09,2024-09-17 15:36:05,2572.31,4166253
126870509,2024-09-17 15:35:29,sell,1.00,eurjpy,156.751,2024-09-17 15:35:35,156.723,4166465
126870513,2024-09-17 15:35:31,sell,1.00,usdjpy,140.836,2024-09-17 15:35:32,140.827,4166507
126870548,2024-09-17 15:35:47,sell,1.00,eurjpy,156.743,2024-09-17 15:36:05,156.791,4167003
126870570,2024-09-17 15:35:55,sell,1.00,usdjpy,140.872,2024-09-17 15:35:56,140.874,4167246
126870572,2024-09-17 15:35:56,buy,1.00,xauusd,2573.04,2024-09-17 15:35:57,2573.01,4167289
126870574,2024-09-17 15:35:58,sell,1.00,usdjpy,140.845,2024-09-17 15:35:58,140.849,4167335
126870576,2024-09-17 15:35:58,buy,1.00,eurusd,1.11300,2024-09-17 15:35:59,1.11301,4167357
126870630,2024-09-17 15:36:05,buy,1.00,xauusd,2572.05,2024-09-17 15:38:16,2572.40,4167546
126870647,2024-09-17 15:36:06,sell,1.00,xauusd,2572.39,2024-09-17 15:36:15,2572.26,4167574
126870660,2024-09-17 15:36:09,sell,1.00,eurjpy,156.758,2024-09-17 15:36:11,156.766,4167665
126870672,2024-09-17 15:36:13,sell,1.00,usdjpy,140.851,2024-09-17 15:36:14,140.853,4167784
126870709,2024-09-17 15:36:26,sell,1.00,eurjpy,156.734,2024-09-17 15:36:40,156.748,4168177
126870720,2024-09-17 15:36:30,buy,1.00,audusd,0.67504,2024-09-17 15:38:36,0.67510,4168296
126870727,2024-09-17 15:36:31,sell,1.00,xauusd,2571.38,2024-09-17 15:36:32,2571.61,4168333
126870737,2024-09-17 15:36:33,buy,1.00,usdcad,1.36141,2024-09-17 15:36:33,1.36138,4168371
126870776,2024-09-17 15:36:37,buy,1.00,gbpusd,1.32040,2024-09-17 15:38:34,1.32062,4168504
126870806,2024-09-17 15:36:40,sell,1.00,xauusd,2569.74,2024-09-17 15:36:40,2569.84,4168589
126870818,2024-09-17 15:36:41,buy,1.00,usdcad,1.36167,2024-09-17 15:36:41,1.36165,4168627
126870872,2024-09-17 15:36:45,buy,1.00,eurusd,1.11266,2024-09-17 15:45:21,1.11260,4168748
126870882,2024-09-17 15:36:46,sell,1.00,xauusd,2570.24,2024-09-17 15:36:46,2570.11,4168757
126870918,2024-09-17 15:36:54,sell,1.00,usdjpy,140.853,2024-09-17 15:36:55,140.840,4169015
126870956,2024-09-17 15:37:00,sell,1.00,eurjpy,156.708,2024-09-17 15:37:04,156.749,4169196
126870974,2024-09-17 15:37:01,sell,1.00,xauusd,2570.97,2024-09-17 15:37:03,2570.67,4169206
126871049,2024-09-17 15:37:16,sell,14.00,usdjpy,140.851,2024-09-17 15:37:17,140.851,4169682
126871051,2024-09-17 15:37:17,sell,1.00,eurjpy,156.720,2024-09-17 15:37:18,156.730,4169720
126871069,2024-09-17 15:37:21,sell,1.00,xauusd,2570.10,2024-09-17 15:37:21,2569.91,4169829
126871095,2024-09-17 15:37:26,sell,1.00,usdjpy,140.876,2024-09-17 15:37:49,140.859,4169977
126871172,2024-09-17 15:37:43,sell,1.00,xauusd,2570.99,2024-09-17 15:37:43,2571.09,4170484
126871175,2024-09-17 15:37:43,buy,1.00,usdjpy,140.876,2024-09-17 15:37:45,140.882,4170503
126871204,2024-09-17 15:37:49,buy,1.00,usdjpy,140.859,2024-09-17 15:39:21,140.883,4170655
126871255,2024-09-17 15:37:57,sell,1.00,xauusd,2571.49,2024-09-17 15:37:58,2571.75,4170908
126871311,2024-09-17 15:38:11,sell,1.00,eurjpy,156.698,2024-09-17 15:38:12,156.706,4171327
126871315,2024-09-17 15:38:11,sell,1.00,audusd,0.67511,2024-09-17 15:40:17,0.67476,4171338
126871329,2024-09-17 15:38:14,sell,1.00,xauusd,2572.47,2024-09-17 15:38:25,2571.35,4171424
126871364,2024-09-17 15:38:20,sell,1.00,gbpusd,1.32073,2024-09-17 15:39:52,1.32011,4171596
126871378,2024-09-17 15:38:23,buy,1.00,xauusd,2571.83,2024-09-17 15:38:39,2572.20,4171684
126871381,2024-09-17 15:38:24,buy,1.00,usdcad,1.36138,2024-09-17 15:38:25,1.36148,4171722
126871432,2024-09-17 15:38:38,sell,1.00,xauusd,2572.06,2024-09-17 15:39:37,2569.04,4172135
126871450,2024-09-17 15:38:43,buy,1.00,xauusd,2571.75,2024-09-17 15:38:44,2571.72,4172284
126871452,2024-09-17 15:38:45,buy,1.00,xauusd,2572.15,2024-09-17 15:38:46,2571.98,4172351
126871461,2024-09-17 15:38:51,buy,1.00,usdcad,1.36120,2024-09-17 15:40:05,1.36162,4172544
126871490,2024-09-17 15:38:59,buy,1.00,xauusd,2572.87,2024-09-17 15:38:59,2572.80,4172765
126871493,2024-09-17 15:38:59,sell,1.00,eurusd,1.11295,2024-09-17 15:39:24,1.11246,4172785
126871536,2024-09-17 15:39:07,sell,1.00,usdjpy,140.849,2024-09-17 15:39:11,140.842,4173003
126871537,2024-09-17 15:39:07,sell,1.00,eurjpy,156.731,2024-09-17 15:39:09,156.733,4173003
126871555,2024-09-17 15:39:15,buy,1.00,xauusd,2571.21,2024-09-17 15:39:15,2571.14,4173228
126871575,2024-09-17 15:39:19,sell,1.00,usdjpy,140.867,2024-09-17 15:41:16,140.893,4173386
126871635,2024-09-17 15:39:31,buy,1.00,usdjpy,140.937,2024-09-17 15:39:31,140.939,4173727
126871690,2024-09-17 15:39:36,sell,1.00,usdcad,1.36149,2024-09-17 15:40:54,1.36104,4173877
126871705,2024-09-17 15:39:37,buy,1.00,xauusd,2568.94,2024-09-17 15:41:08,2571.97,4173903
126871750,2024-09-17 15:39:41,buy,1.00,usdjpy,140.945,2024-09-17 15:39:42,140.947,4174044
126871792,2024-09-17 15:39:47,sell,1.00,eurjpy,156.763,2024-09-17 15:41:42,156.746,4174203
126871825,2024-09-17 15:39:52,buy,1.00,gbpusd,1.32011,2024-09-17 15:42:48,1.32067,4174353
126871960,2024-09-17 15:40:05,sell,1.00,xauusd,2569.48,2024-09-17 15:40:05,2569.54,4174752
126872046,2024-09-17 15:40:16,buy,1.00,audusd,0.67476,2024-09-17 15:41:47,0.67503,4175077
126872100,2024-09-17 15:40:22,buy,1.00,usdcad,1.36133,2024-09-17 15:51:35,1.36103,4175253
126872105,2024-09-17 15:40:23,buy,1.00,usdjpy,140.942,2024-09-17 15:40:23,140.942,4175297
126872131,2024-09-17 15:40:26,sell,1.00,xauusd,2570.35,2024-09-17 15:40:27,2570.42,4175374
126872234,2024-09-17 15:40:48,sell,1.00,xauusd,2571.47,2024-09-17 15:40:48,2571.47,4176044
126872259,2024-09-17 15:40:58,sell,1.00,gbpusd,1.32040,2024-09-17 15:40:59,1.32038,4176334
126872301,2024-09-17 15:41:08,sell,1.00,xauusd,2571.97,2024-09-17 15:43:41,2571.17,4176639
126872322,2024-09-17 15:41:16,buy,1.00,usdjpy,140.893,2024-09-17 15:43:41,140.939,4176846
126872377,2024-09-17 15:41:29,buy,1.00,eurjpy,156.738,2024-09-17 15:42:16,156.791,4177265
126872449,2024-09-17 15:41:47,sell,1.00,audusd,0.67500,2024-09-17 15:51:15,0.67479,4177803
126872451,2024-09-17 15:41:47,sell,1.00,usdjpy,140.905,2024-09-17 15:41:47,140.905,4177814
126872538,2024-09-17 15:42:16,sell,1.00,eurjpy,156.792,2024-09-17 15:42:21,156.752,4178677
126872544,2024-09-17 15:42:17,sell,1.00,usdjpy,140.925,2024-09-17 15:42:23,140.917,4178703
126872547,2024-09-17 15:42:18,buy,1.00,eurjpy,156.763,2024-09-17 15:42:57,156.778,4178734
126872611,2024-09-17 15:42:48,sell,1.00,gbpusd,1.32067,2024-09-17 15:44:32,1.32042,4179623
126872636,2024-09-17 15:42:55,sell,1.00,eurjpy,156.777,2024-09-17 15:45:01,156.764,4179846
126872802,2024-09-17 15:43:40,sell,1.00,usdjpy,140.942,2024-09-17 15:45:18,140.922,4181200
126872807,2024-09-17 15:43:41,buy,1.00,xauusd,2571.32,2024-09-17 15:44:24,2571.81,4181230
126872883,2024-09-17 15:44:01,buy,1.00,gbpusd,1.32037,2024-09-17 15:45:11,1.32068,4181832
126872922,2024-09-17 15:44:13,sell,1.00,xauusd,2571.00,2024-09-17 15:44:14,2570.98,4182189
126872926,2024-09-17 15:44:13,buy,1.00,usdjpy,141.022,2024-09-17 15:44:14,141.021,4182192
126872937,2024-09-17 15:44:20,sell,1.00,xauusd,2571.39,2024-09-17 15:47:00,2574.64,4182396
126872957,2024-09-17 15:44:30,sell,1.00,eurusd,1.11237,2024-09-17 15:44:33,1.11224,4182696
126872985,2024-09-17 15:44:43,buy,1.00,xauusd,2572.70,2024-09-17 15:44:44,2572.53,4183084
126873007,2024-09-17 15:44:51,buy,1.00,eurjpy,156.785,2024-09-17 15:45:05,156.793,4183338
126873309,2024-09-17 15:45:05,sell,1.00,eurjpy,156.793,2024-09-17 15:45:45,156.729,4183746
126873340,2024-09-17 15:45:09,sell,1.00,gbpusd,1.32073,2024-09-17 15:48:26,1.32037,4183865
126873343,2024-09-17 15:45:10,buy,1.00,usdjpy,140.921,2024-09-17 15:45:13,140.951,4183891
126873355,2024-09-17 15:45:11,sell,1.00,eurusd,1.11248,2024-09-17 15:46:44,1.11219,4183938
126873375,2024-09-17 15:45:17,buy,1.00,xauusd,2573.61,2024-09-17 15:45:18,2573.54,4184103
126873377,2024-09-17 15:45:18,buy,1.00,usdjpy,140.934,2024-09-17 15:47:04,140.913,4184139
126873408,2024-09-17 15:45:23,buy,1.00,xauusd,2574.51,2024-09-17 15:45:24,2574.54,4184284
126873419,2024-09-17 15:45:26,buy,1.00,xauusd,2575.00,2024-09-17 15:45:26,2574.92,4184352
126873475,2024-09-17 15:45:36,sell,1.00,usdjpy,140.858,2024-09-17 15:45:36,140.862,4184682
126873485,2024-09-17 15:45:41,buy,1.00,xauusd,2575.08,2024-09-17 15:45:41,2575.01,4184799
126873495,2024-09-17 15:45:44,buy,1.00,eurjpy,156.725,2024-09-17 15:50:44,156.744,4184915
126873559,2024-09-17 15:46:16,buy,1.00,xauusd,2575.15,2024-09-17 15:46:17,2575.09,4185871
126873560,2024-09-17 15:46:16,sell,1.00,usdjpy,140.904,2024-09-17 15:46:17,140.901,4185871
126873564,2024-09-17 15:46:17,buy,1.00,eurusd,1.11227,2024-09-17 15:52:34,1.11213,4185903
126873626,2024-09-17 15:47:00,buy,1.00,xauusd,2574.64,2024-09-17 16:49:45,2578.19,4187196
126873634,2024-09-17 15:47:01,sell,1.00,xauusd,2574.21,2024-09-17 15:47:01,2574.33,4187211
126873636,2024-09-17 15:47:01,sell,1.00,usdjpy,140.920,2024-09-17 15:47:47,140.891,4187241
126873663,2024-09-17 15:47:34,sell,1.00,eurjpy,156.729,2024-09-17 15:47:39,156.721,4188204
126873673,2024-09-17 15:47:47,buy,1.00,usdjpy,140.891,2024-09-17 15:48:32,140.919,4188603
126873728,2024-09-17 15:48:24,buy,1.00,gbpusd,1.32039,2024-09-17 15:49:36,1.32067,4189714
126873730,2024-09-17 15:48:25,sell,1.00,xauusd,2574.93,2024-09-17 15:48:26,2575.14,4189774
126873732,2024-09-17 15:48:26,sell,1.00,usdjpy,140.899,2024-09-17 15:49:48,140.889,4189777
126873803,2024-09-17 15:49:00,buy,1.00,usdjpy,140.901,2024-09-17 15:49:07,140.912,4190806
126873808,2024-09-17 15:49:00,sell,1.00,eurjpy,156.716,2024-09-17 15:49:01,156.714,4190809
126873825,2024-09-17 15:49:17,sell,1.00,gbpusd,1.32067,2024-09-17 15:51:06,1.32036,4191310
126873841,2024-09-17 15:49:40,sell,1.00,xauusd,2575.64,2024-09-17 15:49:41,2575.69,4191999
126873857,2024-09-17 15:49:48,buy,1.00,usdjpy,140.887,2024-09-17 15:50:13,140.914,4192208
126873939,2024-09-17 15:50:08,sell,1.00,usdjpy,140.913,2024-09-17 15:52:19,140.969,4192849
126873988,2024-09-17 15:50:42,buy,1.00,usdjpy,140.953,2024-09-17 15:50:42,140.953,4193837
126873999,2024-09-17 15:50:43,sell,1.00,xauusd,2575.23,2024-09-17 15:50:43,2575.29,4193871
126874003,2024-09-17 15:50:44,sell,1.00,eurjpy,156.746,2024-09-17 15:52:34,156.742,4193912
126874009,2024-09-17 15:50:57,buy,1.00,usdjpy,140.929,2024-09-17 15:51:00,140.932,4194313
126874013,2024-09-17 15:51:00,sell,1.00,xauusd,2575.76,2024-09-17 15:51:00,2575.83,4194387
126874022,2024-09-17 15:51:04,sell,1.00,xauusd,2575.42,2024-09-17 15:51:04,2575.45,4194499
126874027,2024-09-17 15:51:05,buy,1.00,gbpusd,1.32037,2024-09-18 09:01:44,1.31693,4194564
126874039,2024-09-17 15:51:10,sell,1.00,usdcad,1.36104,2024-09-18 21:00:06,1.35537,4194696
126874047,2024-09-17 15:51:14,buy,1.00,audusd,0.67480,2024-09-18 21:02:01,0.67917,4194815
126874061,2024-09-17 15:51:25,sell,1.00,eurusd,1.11190,2024-09-17 15:51:27,1.11187,4195146
126874107,2024-09-17 15:51:57,buy,1.00,eurjpy,156.775,2024-09-17 15:51:57,156.773,4196087
126874137,2024-09-17 15:52:15,buy,1.00,eurjpy,156.742,2024-09-17 15:52:21,156.772,4196650
126874138,2024-09-17 15:52:16,buy,1.00,usdjpy,140.963,2024-09-17 15:57:59,141.109,4196671
126874154,2024-09-17 15:52:31,sell,1.00,usdjpy,140.933,2024-09-17 15:52:31,140.932,4197096
126874166,2024-09-17 15:52:34,sell,1.00,eurusd,1.11213,2024-09-18 21:00:01,1.11310,4197215
126874169,2024-09-17 15:52:34,buy,1.00,eurjpy,156.742,2024-09-17 15:52:52,156.775,4197221
126874170,2024-09-17 15:52:34,sell,1.00,xauusd,2576.99,2024-09-17 15:52:34,2577.04,4197221
126874196,2024-09-17 15:52:48,sell,1.00,eurjpy,156.769,2024-09-17 15:56:57,156.851,4197644
126874229,2024-09-17 15:53:08,sell,1.00,usdjpy,140.958,2024-09-17 15:58:39,141.019,4198213
126874233,2024-09-17 15:53:10,buy,1.00,eurusd,1.11242,2024-09-18 21:00:05,1.11630,4198302
126874242,2024-09-17 15:53:14,sell,1.00,gbpusd,1.32064,2024-09-17 16:30:05,1.31942,4198415
126874282,2024-09-17 15:53:46,buy,1.00,eurjpy,156.805,2024-09-17 15:57:59,156.924,4199351
126874393,2024-09-17 15:55:03,sell,1.00,xauusd,2576.88,2024-09-17 15:55:03,2576.93,4201673
126874419,2024-09-17 15:55:14,buy,1.00,usdcad,1.36074,2024-09-18 21:00:01,1.35834,4202019
126874420,2024-09-17 15:55:14,sell,1.00,audusd,0.67503,2024-09-18 21:00:01,0.67702,4202023
126874568,2024-09-17 15:57:35,sell,1.00,eurjpy,156.877,2024-09-17 16:02:05,156.860,4206230
126874597,2024-09-17 15:58:00,sell,1.00,xauusd,2575.62,2024-09-17 15:58:00,2575.60,4206973
126874623,2024-09-17 15:58:06,sell,1.00,xauusd,2575.19,2024-09-17 15:58:06,2575.27,4207177
126874664,2024-09-17 15:58:21,buy,1.00,usdjpy,141.041,2024-09-17 15:58:22,141.050,4207632
126874665,2024-09-17 15:58:21,buy,1.00,eurjpy,156.878,2024-09-17 15:58:22,156.890,4207632
126874690,2024-09-17 15:58:38,buy,1.00,usdjpy,141.025,2024-09-17 16:06:20,141.049,4208144
126874694,2024-09-17 15:58:42,buy,1.00,eurjpy,156.862,2024-09-17 15:58:45,156.870,4208253
126874695,2024-09-17 15:58:43,sell,1.00,xauusd,2576.45,2024-09-17 15:58:43,2576.55,4208257
126874719,2024-09-17 15:59:04,sell,1.00,xauusd,2577.02,2024-09-17 15:59:04,2577.12,4208920
126874720,2024-09-17 15:59:04,buy,1.00,eurjpy,156.840,2024-09-17 15:59:07,156.847,4208925
126875228,2024-09-17 16:00:32,sell,1.00,xauusd,2577.80,2024-09-17 16:00:33,2577.88,4211553
126875230,2024-09-17 16:00:35,sell,1.00,usdjpy,140.956,2024-09-17 16:02:05,141.042,4211631
126875232,2024-09-17 16:00:38,buy,1.00,eurjpy,156.820,2024-09-17 16:05:01,156.886,4211734
126875341,2024-09-17 16:02:06,sell,1.00,usdjpy,141.013,2024-09-17 16:05:04,141.112,4214384
126875343,2024-09-17 16:02:06,sell,1.00,xauusd,2578.02,2024-09-17 16:02:07,2578.10,4214403
126875344,2024-09-17 16:02:07,sell,1.00,eurjpy,156.830,2024-09-17 16:14:03,156.747,4214413
126875507,2024-09-17 16:04:24,sell,1.00,xauusd,2576.76,2024-09-17 16:04:25,2576.93,4218507
126875541,2024-09-17 16:05:00,sell,1.00,xauusd,2576.39,2024-09-17 16:05:00,2576.44,4219574
126875620,2024-09-17 16:05:07,sell,1.00,xauusd,2576.91,2024-09-17 16:05:07,2577.05,4219803
126875656,2024-09-17 16:05:18,sell,1.00,usdjpy,141.083,2024-09-17 16:09:02,141.012,4220115
126875700,2024-09-17 16:05:39,buy,1.00,eurjpy,156.815,2024-09-17 16:06:20,156.842,4220749
126875721,2024-09-17 16:05:46,sell,1.00,xauusd,2576.47,2024-09-17 16:05:46,2576.58,4220977
126875804,2024-09-17 16:06:22,sell,1.00,xauusd,2576.35,2024-09-17 16:06:23,2576.38,4222053
126875846,2024-09-17 16:06:56,buy,1.00,eurjpy,156.872,2024-09-17 16:09:15,156.878,4223061
126875852,2024-09-17 16:06:58,sell,1.00,xauusd,2575.96,2024-09-17 16:06:59,2576.02,4223134
126875930,2024-09-17 16:07:31,sell,1.00,xauusd,2577.57,2024-09-17 16:07:32,2577.79,4224121
126875950,2024-09-17 16:07:46,buy,1.00,usdjpy,141.030,2024-09-17 16:19:27,140.952,4224582
126876157,2024-09-17 16:09:45,sell,1.00,usdjpy,140.952,2024-09-17 16:15:04,140.882,4228130
126876158,2024-09-17 16:09:45,buy,1.00,eurjpy,156.849,2024-09-17 16:21:27,156.899,4228150
126876372,2024-09-17 16:11:16,sell,1.00,xauusd,2578.01,2024-09-17 16:11:17,2578.10,4230876
126876400,2024-09-17 16:11:37,sell,1.00,xauusd,2578.29,2024-09-17 16:11:38,2578.37,4231518
126876831,2024-09-17 16:15:05,sell,1.00,xauusd,2578.49,2024-09-17 16:16:13,2578.13,4237735
126876846,2024-09-17 16:15:10,sell,1.00,eurjpy,156.781,2024-09-17 16:19:28,156.800,4237896
126876847,2024-09-17 16:15:10,sell,1.00,usdjpy,140.932,2024-09-17 16:15:21,140.910,4237896
126876882,2024-09-17 16:15:27,sell,1.00,usdjpy,140.935,2024-09-17 16:34:35,141.234,4238391
126876975,2024-09-17 16:16:17,sell,1.00,xauusd,2577.73,2024-09-17 16:16:40,2577.76,4239903
126877009,2024-09-17 16:16:48,sell,1.00,xauusd,2577.36,2024-09-17 16:16:57,2577.47,4240834
126877072,2024-09-17 16:17:37,sell,1.00,xauusd,2577.00,2024-09-17 16:17:38,2577.14,4241955
126877096,2024-09-17 16:17:51,sell,1.00,xauusd,2576.41,2024-09-17 16:17:52,2576.62,4242355
126877139,2024-09-17 16:18:15,sell,1.00,xauusd,2576.74,2024-09-17 16:18:16,2576.85,4243099
126877293,2024-09-17 16:20:05,buy,1.00,usdjpy,140.975,2024-09-17 16:21:27,141.033,4246397
126877312,2024-09-17 16:20:16,sell,1.00,eurjpy,156.832,2024-09-17 16:30:50,156.920,4246733
126877520,2024-09-17 16:21:49,buy,1.00,eurjpy,156.930,2024-09-17 16:23:18,156.966,4249505
126877525,2024-09-17 16:21:51,buy,1.00,usdjpy,141.061,2024-09-17 16:30:05,141.172,4249578
126877541,2024-09-17 16:21:58,sell,1.00,xauusd,2578.10,2024-09-17 16:21:59,2578.24,4249790
126877698,2024-09-17 16:23:28,buy,1.00,eurjpy,156.936,2024-09-17 16:24:02,156.912,4252496
126877854,2024-09-17 16:25:25,sell,1.00,xauusd,2578.00,2024-09-17 16:25:25,2577.99,4255987
126877907,2024-09-17 16:25:50,buy,1.00,eurjpy,156.942,2024-09-17 16:30:06,156.951,4256769
126878702,2024-09-17 16:30:15,sell,1.00,xauusd,2574.96,2024-09-17 16:30:16,2575.08,4264702
126878766,2024-09-17 16:30:28,buy,1.00,usdjpy,141.147,2024-09-17 16:30:36,141.165,4265090
126878767,2024-09-17 16:30:28,buy,1.00,eurjpy,156.924,2024-09-17 16:30:38,156.949,4265090
126878816,2024-09-17 16:30:37,sell,1.00,xauusd,2574.65,2024-09-17 16:30:38,2574.84,4265384
126878868,2024-09-17 16:30:50,buy,1.00,eurjpy,156.920,2024-09-17 16:31:03,156.954,4265757
126878883,2024-09-17 16:30:55,sell,1.00,xauusd,2575.29,2024-09-17 16:30:55,2575.43,4265897
126878935,2024-09-17 16:31:02,sell,1.00,eurjpy,156.948,2024-09-17 16:44:12,157.075,4266140
126878982,2024-09-17 16:31:14,sell,1.00,xauusd,2574.33,2024-09-17 16:31:14,2574.44,4266471
126879017,2024-09-17 16:31:25,sell,1.00,xauusd,2574.93,2024-09-17 16:31:26,2575.15,4266802
126879073,2024-09-17 16:31:41,buy,1.00,usdjpy,141.193,2024-09-17 16:31:42,141.198,4267285
126879131,2024-09-17 16:31:57,sell,1.00,xauusd,2574.91,2024-09-17 16:31:57,2575.03,4267741
126879148,2024-09-17 16:32:02,buy,1.00,eurjpy,156.986,2024-09-17 16:32:02,156.982,4267909
126879267,2024-09-17 16:32:35,sell,1.00,gbpusd,1.31972,2024-09-17 17:00:08,1.31885,4268897
126879317,2024-09-17 16:32:45,buy,1.00,eurjpy,157.021,2024-09-17 16:33:02,157.055,4269197
126879390,2024-09-17 16:32:59,buy,1.00,usdjpy,141.227,2024-09-17 16:33:00,141.267,4269621
126879395,2024-09-17 16:33:00,sell,1.00,xauusd,2574.99,2024-09-17 16:33:00,2575.02,4269647
126879490,2024-09-17 16:33:13,sell,1.00,xauusd,2575.16,2024-09-17 16:33:14,2575.28,4270045
126879544,2024-09-17 16:33:24,buy,1.00,eurjpy,157.025,2024-09-17 16:33:56,157.093,4270397
126879656,2024-09-17 16:33:44,sell,1.00,xauusd,2574.76,2024-09-17 16:33:44,2574.92,4270971
126879686,2024-09-17 16:33:49,buy,1.00,usdjpy,141.290,2024-09-17 16:33:56,141.324,4271121
126879725,2024-09-17 16:33:56,sell,1.00,xauusd,2573.84,2024-09-17 16:33:56,2573.98,4271328
126879792,2024-09-17 16:34:02,buy,1.00,eurjpy,157.065,2024-09-17 16:35:27,156.905,4271509
126879872,2024-09-17 16:34:18,buy,1.00,usdjpy,141.286,2024-09-17 16:35:27,141.155,4271995
126879976,2024-09-17 16:34:52,sell,1.00,usdjpy,141.202,2024-09-17 16:40:26,141.271,4273009
126880030,2024-09-17 16:35:01,sell,1.00,xauusd,2575.29,2024-09-17 16:35:01,2575.44,4273278
126880224,2024-09-17 16:35:46,buy,1.00,eurjpy,156.907,2024-09-17 16:40:14,157.064,4274633
126880351,2024-09-17 16:36:25,buy,1.00,usdjpy,141.131,2024-09-17 16:45:02,141.321,4275797
126880706,2024-09-17 16:38:08,sell,1.00,xauusd,2574.64,2024-09-17 16:38:09,2574.77,4278890
126880837,2024-09-17 16:38:56,sell,1.00,xauusd,2573.97,2024-09-17 16:39:40,2573.61,4280328
126881166,2024-09-17 16:40:20,sell,1.00,xauusd,2574.05,2024-09-17 16:40:21,2573.80,4282847
126881233,2024-09-17 16:40:38,buy,1.00,eurjpy,157.033,2024-09-17 16:52:39,157.346,4283390
126881238,2024-09-17 16:40:40,sell,1.00,xauusd,2573.26,2024-09-17 16:41:56,2574.19,4283447
126881284,2024-09-17 16:41:00,sell,1.00,usdjpy,141.243,2024-09-17 16:48:22,141.442,4284062
126881480,2024-09-17 16:42:28,sell,1.00,xauusd,2574.56,2024-09-17 16:43:52,2576.71,4286690
126881782,2024-09-17 16:43:59,sell,1.00,xauusd,2576.29,2024-09-17 16:44:58,2575.42,4289421
126881904,2024-09-17 16:44:26,sell,1.00,eurjpy,157.103,2024-09-17 16:48:22,157.243,4290238
126882092,2024-09-17 16:45:02,sell,1.00,xauusd,2576.49,2024-09-17 17:05:11,2576.36,4291309
126882165,2024-09-17 16:45:10,buy,1.00,usdjpy,141.349,2024-09-17 16:52:39,141.496,4291578
126882893,2024-09-17 16:48:23,sell,1.00,eurjpy,157.270,2024-09-17 16:57:10,157.429,4297327
126882927,2024-09-17 16:48:29,sell,1.00,usdjpy,141.473,2024-09-17 16:52:56,141.506,4297547
126883240,2024-09-17 16:50:03,buy,1.00,xauusd,2577.84,2024-09-17 16:56:51,2574.76,4300340
126883647,2024-09-17 16:52:40,buy,1.00,eurjpy,157.314,2024-09-17 17:05:11,157.490,4305050
126883649,2024-09-17 16:52:41,buy,1.00,usdjpy,141.473,2024-09-17 16:58:28,141.632,4305082
126883727,2024-09-17 16:52:57,sell,1.00,usdjpy,141.531,2024-09-17 16:57:10,141.634,4305559
126884700,2024-09-17 16:56:52,buy,1.00,xauusd,2574.35,2024-09-17 16:59:36,2575.12,4312601
126884815,2024-09-17 16:57:13,sell,1.00,eurjpy,157.458,2024-09-17 17:10:19,157.475,4313229
126884831,2024-09-17 16:57:16,sell,1.00,usdjpy,141.658,2024-09-17 16:58:26,141.609,4313328
126885274,2024-09-17 16:58:28,sell,1.00,usdjpy,141.632,2024-09-17 16:59:36,141.576,4315495
126885497,2024-09-17 16:58:55,buy,1.00,usdjpy,141.607,2024-09-17 17:05:11,141.639,4316307
126885771,2024-09-17 16:59:50,buy,1.00,xauusd,2574.19,2024-09-17 17:27:33,2579.11,4317926
126886280,2024-09-17 17:00:13,sell,1.00,usdjpy,141.547,2024-09-17 17:01:15,141.572,4318640
126886291,2024-09-17 17:00:18,sell,1.00,gbpusd,1.31924,2024-09-18 15:58:23,1.32131,4318791
126886531,2024-09-17 17:01:16,sell,1.00,usdjpy,141.597,2024-09-17 17:02:56,141.655,4320530
126886875,2024-09-17 17:02:57,sell,1.00,usdjpy,141.680,2024-09-17 17:10:19,141.597,4323536
126887353,2024-09-17 17:05:23,sell,1.00,xauusd,2576.88,2024-09-17 17:07:13,2577.65,4327944
126887357,2024-09-17 17:05:25,buy,1.00,usdjpy,141.617,2024-09-17 17:10:46,141.637,4327997
126887789,2024-09-17 17:07:14,buy,1.00,eurjpy,157.521,2024-09-17 17:13:10,157.714,4331264
126887945,2024-09-17 17:08:22,sell,1.00,xauusd,2578.10,2024-09-17 17:10:07,2578.46,4333309
126888331,2024-09-17 17:10:20,sell,1.00,xauusd,2578.96,2024-09-17 17:16:35,2581.59,4336847
126888341,2024-09-17 17:10:23,sell,1.00,eurjpy,157.505,2024-09-17 17:20:12,157.611,4336928
126888360,2024-09-17 17:10:32,sell,1.00,usdjpy,141.641,2024-09-17 17:14:28,141.712,4337214
126888489,2024-09-17 17:11:16,buy,1.00,usdjpy,141.665,2024-09-17 17:50:35,141.850,4338522
126889123,2024-09-17 17:13:34,buy,1.00,eurjpy,157.667,2024-09-17 17:31:49,157.727,4342655
126889655,2024-09-17 17:15:49,sell,1.00,usdjpy,141.683,2024-09-17 17:20:12,141.663,4346700
126889971,2024-09-17 17:17:02,sell,1.00,xauusd,2582.09,2024-09-17 17:58:06,2575.18,4348909
126890510,2024-09-17 17:20:25,sell,1.00,eurjpy,157.585,2024-09-17 17:22:15,157.561,4354997
126890571,2024-09-17 17:20:44,sell,1.00,usdjpy,141.630,2024-09-17 17:22:15,141.650,4355582
126890875,2024-09-17 17:22:24,sell,1.00,usdjpy,141.681,2024-09-17 17:30:31,141.704,4358570
126890965,2024-09-17 17:23:00,sell,1.00,eurjpy,157.546,2024-09-17 17:24:14,157.552,4359652
126891611,2024-09-17 17:26:07,sell,1.00,eurjpy,157.582,2024-09-17 17:30:31,157.628,4365264
126891958,2024-09-17 17:27:34,buy,1.00,xauusd,2578.41,2024-09-17 17:37:48,2576.08,4367855
126892757,2024-09-17 17:30:44,sell,1.00,eurjpy,157.658,2024-09-17 17:40:31,157.708,4373545
126892829,2024-09-17 17:31:02,sell,1.00,usdjpy,141.770,2024-09-17 17:40:31,141.747,4374119
126893014,2024-09-17 17:31:53,buy,1.00,eurjpy,157.698,2024-09-17 17:32:25,157.699,4375640
126893220,2024-09-17 17:32:58,buy,1.00,eurjpy,157.730,2024-09-17 17:50:35,157.814,4377600
126894694,2024-09-17 17:38:14,buy,1.00,xauusd,2575.58,2024-09-17 18:18:57,2574.30,4387081
126895772,2024-09-17 17:40:32,sell,1.00,usdjpy,141.770,2024-09-17 17:52:36,141.868,4391193
126895788,2024-09-17 17:40:35,sell,1.00,eurjpy,157.738,2024-09-17 18:05:10,157.522,4391297
126898792,2024-09-17 17:50:37,buy,1.00,eurjpy,157.784,2024-09-17 17:50:49,157.781,4409336
126898838,2024-09-17 17:50:51,buy,1.00,eurjpy,157.753,2024-09-17 18:22:17,157.604,4409765
126898851,2024-09-17 17:50:56,buy,1.00,usdjpy,141.785,2024-09-17 18:12:15,141.682,4409928
126899290,2024-09-17 17:52:39,sell,1.00,usdjpy,141.893,2024-09-17 20:19:29,141.842,4413009
126900495,2024-09-17 17:58:06,sell,1.00,xauusd,2575.64,2024-09-17 18:03:29,2576.83,4422834
126901933,2024-09-17 18:03:48,sell,1.00,xauusd,2576.43,2024-09-17 19:06:12,2563.19,4433090
126902380,2024-09-17 18:06:32,sell,1.00,eurjpy,157.549,2024-09-17 20:29:46,157.741,4438008
126903106,2024-09-17 18:12:30,buy,1.00,usdjpy,141.637,2024-09-17 18:22:17,141.744,4448757
126904092,2024-09-17 18:19:19,buy,1.00,xauusd,2572.85,2024-09-17 18:19:52,2572.55,4461047
126904265,2024-09-17 18:20:08,buy,1.00,xauusd,2571.35,2024-09-17 18:25:30,2571.89,4462459
126904565,2024-09-17 18:22:17,buy,1.00,eurjpy,157.577,2024-09-17 20:13:29,157.688,4466375
126904655,2024-09-17 18:23:07,buy,1.00,usdjpy,141.698,2024-09-17 18:57:03,141.776,4467848
126905015,2024-09-17 18:25:33,buy,1.00,xauusd,2571.40,2024-09-17 18:26:07,2570.85,4472250
126905095,2024-09-17 18:26:08,buy,1.00,xauusd,2570.41,2024-09-17 18:26:58,2571.47,4473284
126905262,2024-09-17 18:27:15,buy,1.00,xauusd,2570.88,2024-09-17 18:28:01,2571.10,4475302
126905364,2024-09-17 18:28:13,buy,1.00,xauusd,2570.60,2024-09-17 18:29:13,2569.78,4477045
126905606,2024-09-17 18:29:40,buy,1.00,xauusd,2569.30,2024-09-17 18:31:14,2568.52,4479662
126906252,2024-09-17 18:31:49,buy,1.00,xauusd,2567.58,2024-09-17 18:31:54,2567.71,4483495
126906322,2024-09-17 18:32:02,buy,1.00,xauusd,2566.79,2024-09-17 18:32:18,2566.19,4483931
126906389,2024-09-17 18:32:18,buy,1.00,xauusd,2565.72,2024-09-17 18:32:38,2565.78,4484406
126906467,2024-09-17 18:32:43,buy,1.00,xauusd,2565.34,2024-09-17 18:33:19,2564.84,4485140
126906647,2024-09-17 18:33:26,buy,1.00,xauusd,2564.35,2024-09-17 18:34:01,2564.31,4486428
126906797,2024-09-17 18:34:06,buy,1.00,xauusd,2563.59,2024-09-17 18:34:39,2565.52,4487628
126907025,2024-09-17 18:35:02,buy,1.00,xauusd,2565.99,2024-09-17 18:38:11,2565.21,4489283
126907574,2024-09-17 18:38:32,buy,1.00,xauusd,2564.61,2024-09-17 18:39:23,2564.77,4495588
126907696,2024-09-17 18:39:35,buy,1.00,xauusd,2565.27,2024-09-17 18:40:58,2564.27,4497497
126907946,2024-09-17 18:41:06,buy,1.00,xauusd,2563.52,2024-09-17 18:41:28,2562.93,4500228
126908105,2024-09-17 18:41:39,buy,1.00,xauusd,2562.08,2024-09-17 18:45:58,2565.03,4501190
126909025,2024-09-17 18:46:08,buy,1.00,xauusd,2565.46,2024-09-17 18:47:19,2566.24,4509290
126909163,2024-09-17 18:47:34,buy,1.00,xauusd,2566.83,2024-09-17 18:51:29,2567.10,4511871
126909538,2024-09-17 18:51:30,buy,1.00,xauusd,2566.66,2024-09-17 18:59:01,2565.84,4518947
126910189,2024-09-17 18:58:46,buy,1.00,usdjpy,141.751,2024-09-17 19:35:09,141.953,4532025
126910542,2024-09-17 19:00:05,buy,1.00,xauusd,2565.17,2024-09-17 19:00:52,2564.88,4534386
126910667,2024-09-17 19:00:55,buy,1.00,xauusd,2564.35,2024-09-17 19:01:35,2564.23,4535910
126910769,2024-09-17 19:01:36,buy,1.00,xauusd,2563.74,2024-09-17 19:03:20,2563.76,4537117
126910966,2024-09-17 19:03:42,buy,1.00,xauusd,2563.29,2024-09-17 19:14:00,2564.07,4540924
126911222,2024-09-17 19:06:21,sell,1.00,xauusd,2563.90,2024-09-17 19:23:46,2563.00,4545678
126911882,2024-09-17 19:14:17,buy,1.00,xauusd,2564.48,2024-09-17 21:45:24,2571.57,4559969
126912989,2024-09-17 19:24:02,sell,1.00,xauusd,2562.59,2024-09-17 20:56:39,2568.86,4577488
126914188,2024-09-17 19:35:34,buy,1.00,usdjpy,141.969,2024-09-17 20:13:29,141.880,4598271
126917864,2024-09-17 20:14:22,buy,1.00,usdjpy,141.856,2024-09-17 23:14:46,142.283,4668108
126917877,2024-09-17 20:14:28,buy,1.00,eurjpy,157.661,2024-09-18 02:25:19,157.916,4668290
126918945,2024-09-17 20:22:13,sell,1.00,usdjpy,141.865,2024-09-17 20:29:46,141.900,4682255
126919734,2024-09-17 20:29:52,sell,1.00,eurjpy,157.771,2024-09-17 22:49:59,158.095,4696009
126919973,2024-09-17 20:31:11,sell,1.00,usdjpy,141.972,2024-09-17 22:50:00,142.226,4698376
126922637,2024-09-17 20:56:40,sell,1.00,xauusd,2569.52,2024-09-17 21:00:15,2569.72,4744232
126923041,2024-09-17 21:00:26,sell,1.00,xauusd,2570.34,2024-09-17 21:06:13,2569.17,4751033
126923725,2024-09-17 21:06:26,sell,1.00,xauusd,2569.66,2024-09-17 21:08:19,2569.93,4761828
126924245,2024-09-17 21:11:13,sell,1.00,xauusd,2570.41,2024-09-17 21:22:34,2569.38,4770440
126925157,2024-09-17 21:22:53,sell,1.00,xauusd,2569.84,2024-09-17 21:38:43,2570.75,4791440
126926451,2024-09-17 21:42:06,sell,1.00,xauusd,2571.52,2024-09-17 21:50:59,2569.84,4826028
126926867,2024-09-17 21:45:25,buy,1.00,xauusd,2570.96,2024-09-17 22:18:21,2571.18,4831997
126927657,2024-09-17 21:53:50,sell,1.00,xauusd,2569.44,2024-09-17 22:34:56,2567.06,4847147
126929568,2024-09-17 22:18:22,buy,1.00,xauusd,2570.73,2024-09-18 04:00:02,2573.01,4891294
126931206,2024-09-17 22:35:09,sell,1.00,xauusd,2567.60,2024-09-18 03:02:13,2574.29,4921526
126932416,2024-09-17 22:52:17,sell,1.00,usdjpy,142.198,2024-09-17 23:06:08,142.274,4952343
126932417,2024-09-17 22:52:17,sell,1.00,eurjpy,158.057,2024-09-17 23:06:08,158.149,4952356
126933693,2024-09-17 23:07:03,sell,1.00,eurjpy,158.179,2024-09-18 02:41:46,157.860,4978924
126933696,2024-09-17 23:07:06,sell,1.00,usdjpy,142.300,2024-09-17 23:39:53,142.385,4979028
126934259,2024-09-17 23:23:32,buy,1.00,usdjpy,142.215,2024-09-18 02:25:19,142.013,5008604
126934779,2024-09-17 23:40:22,sell,1.00,usdjpy,142.402,2024-09-17 23:40:54,142.410,5038903
126934836,2024-09-17 23:43:43,sell,1.00,usdjpy,142.435,2024-09-18 02:41:46,141.918,5044940
126943711,2024-09-18 02:25:29,buy,1.00,usdjpy,141.988,2024-09-18 02:29:35,141.991,5335778
126944346,2024-09-18 02:30:09,buy,1.00,usdjpy,142.005,2024-09-18 02:38:21,141.949,5344159
126944366,2024-09-18 02:30:21,buy,1.00,eurjpy,157.946,2024-09-18 02:30:39,157.946,5344509
126944413,2024-09-18 02:30:56,buy,1.00,eurjpy,157.918,2024-09-18 02:38:21,157.873,5345600
126944946,2024-09-18 02:38:23,buy,1.00,usdjpy,141.922,2024-09-18 03:02:13,141.977,5358993
126944980,2024-09-18 02:39:05,buy,1.00,eurjpy,157.852,2024-09-18 03:02:13,157.896,5360263
126945192,2024-09-18 02:41:56,sell,1.00,usdjpy,141.943,2024-09-18 02:51:28,141.984,5365390
126945772,2024-09-18 02:49:26,sell,1.00,eurjpy,157.889,2024-09-18 02:51:28,157.917,5378896
126946247,2024-09-18 02:55:39,sell,1.00,eurjpy,157.946,2024-09-18 03:18:10,157.744,5390091
126946305,2024-09-18 02:56:26,sell,1.00,usdjpy,142.009,2024-09-18 04:07:38,141.642,5391494
126946745,2024-09-18 03:02:17,buy,1.00,usdjpy,141.944,2024-09-18 04:00:03,141.646,5402016
126946769,2024-09-18 03:02:18,buy,1.00,eurjpy,157.823,2024-09-18 04:04:29,157.580,5402051
126946799,2024-09-18 03:02:31,sell,1.00,xauusd,2574.77,2024-09-20 03:50:55,2572.26,5402440
126948186,2024-09-18 03:20:17,sell,1.00,eurjpy,157.816,2024-09-18 03:39:33,157.704,5434412
126949730,2024-09-18 03:41:13,sell,1.00,eurjpy,157.734,2024-09-18 03:50:01,157.758,5472122
126950304,2024-09-18 03:50:04,sell,1.00,eurjpy,157.787,2024-09-18 04:06:58,157.581,5488005
126951045,2024-09-18 04:00:11,buy,1.00,usdjpy,141.605,2024-09-18 04:04:24,141.614,5506240
126951086,2024-09-18 04:00:35,buy,1.00,xauusd,2573.34,2024-09-18 04:05:02,2574.63,5506943
126951699,2024-09-18 04:04:30,buy,1.00,usdjpy,141.589,2024-09-18 04:05:50,141.638,5514004
126951873,2024-09-18 04:05:39,buy,1.00,xauusd,2572.76,2024-09-18 05:03:58,2572.44,5516083
126951885,2024-09-18 04:05:47,buy,1.00,eurjpy,157.610,2024-09-18 04:05:50,157.607,5516316
126951921,2024-09-18 04:06:07,buy,1.00,eurjpy,157.577,2024-09-18 04:14:08,157.671,5516926
126952004,2024-09-18 04:07:07,buy,1.00,usdjpy,141.655,2024-09-18 04:21:43,141.667,5518685
126952024,2024-09-18 04:07:24,sell,1.00,eurjpy,157.611,2024-09-18 04:07:38,157.612,5519238
126952045,2024-09-18 04:07:52,sell,1.00,usdjpy,141.663,2024-09-18 04:18:23,141.695,5520076
126952071,2024-09-18 04:08:01,sell,1.00,eurjpy,157.641,2024-09-18 04:18:25,157.669,5520340
126952761,2024-09-18 04:15:05,buy,1.00,eurjpy,157.695,2024-09-18 04:15:58,157.698,5533047
126952833,2024-09-18 04:18:24,buy,1.00,eurjpy,157.667,2024-09-18 04:21:43,157.686,5539049
126952846,2024-09-18 04:18:32,sell,1.00,usdjpy,141.725,2024-09-18 05:05:21,141.555,5539266
126952916,2024-09-18 04:20:10,sell,1.00,eurjpy,157.700,2024-09-18 05:10:50,157.522,5542206
126953224,2024-09-18 04:23:03,buy,1.00,eurjpy,157.650,2024-09-18 04:36:16,157.652,5547410
126953225,2024-09-18 04:23:03,buy,1.00,usdjpy,141.645,2024-09-18 04:41:24,141.664,5547419
126954455,2024-09-18 04:36:23,buy,1.00,eurjpy,157.622,2024-09-18 04:38:42,157.683,5571397
126954887,2024-09-18 04:41:47,buy,1.00,usdjpy,141.639,2024-09-18 04:56:08,141.524,5581102
126954888,2024-09-18 04:41:47,buy,1.00,eurjpy,157.616,2024-09-18 04:44:11,157.614,5581134
126955236,2024-09-18 04:45:12,buy,1.00,eurjpy,157.560,2024-09-18 04:54:08,157.540,5587266
126956231,2024-09-18 04:54:34,buy,1.00,eurjpy,157.571,2024-09-18 04:56:08,157.485,5604114
126956462,2024-09-18 04:56:08,buy,1.00,eurjpy,157.462,2024-09-18 05:22:02,157.478,5606956
126956463,2024-09-18 04:56:08,buy,1.00,usdjpy,141.501,2024-09-18 05:37:32,141.455,5606956
126957472,2024-09-18 05:04:00,buy,1.00,xauusd,2571.93,2024-09-18 05:58:54,2573.52,5621104
126957907,2024-09-18 05:06:50,sell,1.00,usdjpy,141.600,2024-09-18 05:10:50,141.570,5626191
126958327,2024-09-18 05:12:31,sell,1.00,usdjpy,141.595,2024-09-18 05:59:06,141.466,5636437
126958403,2024-09-18 05:13:27,sell,1.00,eurjpy,157.550,2024-09-18 05:59:06,157.408,5638135
126959353,2024-09-18 05:23:50,buy,1.00,eurjpy,157.450,2024-09-18 05:24:32,157.473,5656816
126959442,2024-09-18 05:24:44,buy,1.00,eurjpy,157.446,2024-09-18 05:25:21,157.469,5658425
126959916,2024-09-18 05:29:22,buy,1.00,eurjpy,157.499,2024-09-18 05:37:32,157.387,5666758
126961078,2024-09-18 05:37:33,buy,1.00,usdjpy,141.430,2024-09-18 05:51:55,141.417,5681485
126961539,2024-09-18 05:41:03,buy,1.00,eurjpy,157.343,2024-09-18 05:51:55,157.346,5687816
126963088,2024-09-18 05:52:40,buy,1.00,eurjpy,157.378,2024-09-18 06:20:44,157.343,5708695
126963120,2024-09-18 05:52:52,buy,1.00,usdjpy,141.445,2024-09-18 06:25:25,141.407,5709040
126963827,2024-09-18 05:59:06,sell,1.00,usdjpy,141.488,2024-09-18 07:55:41,141.256,5720287
126963887,2024-09-18 05:59:39,sell,1.00,eurjpy,157.436,2024-09-18 06:18:19,157.330,5721272
126964027,2024-09-18 06:00:01,buy,1.00,xauusd,2573.95,2024-09-18 06:15:33,2573.59,5721950
126966269,2024-09-18 06:16:20,buy,1.00,xauusd,2574.03,2024-09-18 06:22:29,2573.93,5751325
126966475,2024-09-18 06:19:05,sell,1.00,eurjpy,157.360,2024-09-18 07:55:41,157.098,5756232
126966888,2024-09-18 06:22:54,buy,1.00,xauusd,2574.33,2024-09-18 07:08:52,2575.39,5763117
126967321,2024-09-18 06:26:21,buy,1.00,eurjpy,157.316,2024-09-18 07:37:49,157.272,5769323
126967324,2024-09-18 06:26:21,buy,1.00,usdjpy,141.383,2024-09-18 07:50:33,141.371,5769333
126972663,2024-09-18 07:09:37,buy,1.00,xauusd,2574.90,2024-09-18 07:17:16,2574.40,5847194
126973493,2024-09-18 07:17:35,buy,1.00,xauusd,2574.00,2024-09-18 07:33:55,2572.57,5861566
126975504,2024-09-18 07:33:59,buy,1.00,xauusd,2572.10,2024-09-18 09:42:26,2569.95,5891092
126976031,2024-09-18 07:38:15,buy,1.00,eurjpy,157.243,2024-09-18 07:49:19,157.276,5898743
126977736,2024-09-18 07:51:18,buy,1.00,usdjpy,141.340,2024-09-18 09:19:12,141.648,5922256
126977737,2024-09-18 07:51:18,buy,1.00,eurjpy,157.211,2024-09-18 08:59:02,157.384,5922256
126978858,2024-09-18 07:57:16,sell,1.00,eurjpy,157.067,2024-09-18 08:58:22,157.348,5932982
126978881,2024-09-18 07:57:22,sell,1.00,usdjpy,141.226,2024-09-18 08:58:22,141.497,5933166
126987966,2024-09-18 08:58:44,sell,1.00,eurjpy,157.378,2024-09-18 09:06:27,157.430,6043617
126988353,2024-09-18 09:00:03,buy,1.00,eurjpy,157.414,2024-09-18 09:04:11,157.345,6045959
126988385,2024-09-18 09:00:03,sell,1.00,usdjpy,141.520,2024-09-18 09:38:57,141.549,6045987
126988919,2024-09-18 09:02:29,buy,1.00,gbpusd,1.31723,2024-09-18 09:03:12,1.31764,6050356
126989300,2024-09-18 09:04:27,buy,1.00,eurjpy,157.358,2024-09-18 09:19:12,157.546,6053895
126990223,2024-09-18 09:09:04,sell,1.00,eurjpy,157.456,2024-09-18 09:12:30,157.558,6062223
126990328,2024-09-18 09:09:36,buy,1.00,gbpusd,1.31738,2024-09-18 21:00:34,1.32669,6063184
126991203,2024-09-18 09:13:54,sell,1.00,eurjpy,157.587,2024-09-18 09:16:19,157.563,6070910
126992137,2024-09-18 09:18:02,sell,1.00,eurjpy,157.549,2024-09-18 09:47:01,157.515,6078358
126992367,2024-09-18 09:19:27,buy,1.00,usdjpy,141.609,2024-09-18 13:52:02,141.594,6080895
126992423,2024-09-18 09:19:47,buy,1.00,eurjpy,157.508,2024-09-18 09:24:32,157.472,6081531
126993381,2024-09-18 09:26:06,buy,1.00,eurjpy,157.442,2024-09-18 09:38:43,157.443,6092865
126995122,2024-09-18 09:39:02,sell,1.00,usdjpy,141.574,2024-09-18 10:23:17,141.686,6116135
126995159,2024-09-18 09:39:16,buy,1.00,eurjpy,157.478,2024-09-18 12:19:56,157.733,6116595
126995723,2024-09-18 09:42:59,buy,1.00,xauusd,2569.46,2024-09-18 09:48:24,2568.88,6123272
126997046,2024-09-18 09:50:23,buy,1.00,xauusd,2569.28,2024-09-18 12:02:39,2569.12,6136593
126997092,2024-09-18 09:50:34,sell,1.00,eurjpy,157.484,2024-09-18 10:07:01,157.555,6136933
127000769,2024-09-18 10:08:01,sell,1.00,eurjpy,157.585,2024-09-18 10:23:17,157.654,6168302
127004216,2024-09-18 10:24:21,sell,1.00,usdjpy,141.710,2024-09-18 10:57:05,141.811,6197733
127004236,2024-09-18 10:24:28,sell,1.00,eurjpy,157.687,2024-09-18 10:35:51,157.694,6197916
127006529,2024-09-18 10:36:40,sell,1.00,eurjpy,157.724,2024-09-18 11:02:22,157.881,6219887
127009894,2024-09-18 10:57:18,sell,1.00,usdjpy,141.911,2024-09-18 12:51:55,141.598,6257017
127011803,2024-09-18 11:02:40,sell,1.00,eurjpy,157.911,2024-09-18 11:09:05,157.946,6266674
127013354,2024-09-18 11:10:39,sell,1.00,eurjpy,157.916,2024-09-18 11:41:48,157.740,6281027
127019455,2024-09-18 11:42:07,sell,1.00,eurjpy,157.768,2024-09-18 12:04:25,157.724,6337648
127023188,2024-09-18 12:04:38,buy,1.00,xauusd,2568.22,2024-09-18 12:12:42,2570.31,6378176
127023951,2024-09-18 12:09:12,sell,1.00,eurjpy,157.693,2024-09-18 12:11:46,157.675,6386422
127024429,2024-09-18 12:13:22,sell,1.00,eurjpy,157.705,2024-09-18 12:43:57,157.816,6393908
127024451,2024-09-18 12:13:41,buy,1.00,xauusd,2569.50,2024-09-18 12:14:33,2569.77,6394484
127024651,2024-09-18 12:16:23,buy,1.00,xauusd,2570.02,2024-09-18 12:30:19,2569.04,6399341
127025002,2024-09-18 12:21:53,buy,1.00,eurjpy,157.690,2024-09-18 13:49:51,157.672,6409248
127025798,2024-09-18 12:33:16,buy,1.00,xauusd,2569.46,2024-09-18 12:44:19,2569.77,6429734
127026481,2024-09-18 12:45:08,buy,1.00,xauusd,2569.22,2024-09-18 13:01:52,2572.57,6451081
127026551,2024-09-18 12:46:35,sell,1.00,eurjpy,157.786,2024-09-18 12:51:55,157.728,6453706
127026989,2024-09-18 12:53:36,sell,1.00,usdjpy,141.671,2024-09-18 13:04:58,141.650,6466321
127027004,2024-09-18 12:54:07,sell,1.00,eurjpy,157.805,2024-09-18 13:04:58,157.768,6467275
127028056,2024-09-18 13:03:36,buy,1.00,xauusd,2572.98,2024-09-18 14:49:24,2579.50,6484326
127028129,2024-09-18 13:04:59,sell,1.00,usdjpy,141.674,2024-09-18 13:24:29,141.609,6486801
127028193,2024-09-18 13:06:04,sell,1.00,eurjpy,157.811,2024-09-18 14:57:41,157.812,6488786
127029318,2024-09-18 13:25:38,sell,1.00,usdjpy,141.580,2024-09-18 15:07:18,141.864,6524015
127031305,2024-09-18 13:51:55,buy,1.00,eurjpy,157.642,2024-09-18 13:52:10,157.639,6571284
127031366,2024-09-18 13:53:03,buy,1.00,eurjpy,157.609,2024-09-18 17:00:41,157.868,6573345
127031369,2024-09-18 13:53:08,buy,1.00,usdjpy,141.569,2024-09-18 15:29:27,141.904,6573481
127035862,2024-09-18 14:49:51,buy,1.00,xauusd,2579.00,2024-09-18 15:03:36,2578.73,6675596
127036482,2024-09-18 14:58:42,sell,1.00,eurjpy,157.781,2024-09-18 15:29:33,157.819,6691495
127037230,2024-09-18 15:03:52,buy,1.00,xauusd,2578.26,2024-09-18 15:09:13,2577.51,6700812
127037547,2024-09-18 15:07:36,sell,1.00,usdjpy,141.889,2024-09-18 17:24:24,141.810,6707505
127037915,2024-09-18 15:10:20,buy,1.00,xauusd,2577.94,2024-09-18 15:32:15,2574.54,6712474
127039883,2024-09-18 15:29:42,sell,1.00,eurjpy,157.845,2024-09-18 15:40:34,157.780,6747307
127039971,2024-09-18 15:30:00,buy,1.00,usdjpy,141.952,2024-09-18 17:49:06,141.907,6747855
127040598,2024-09-18 15:33:49,buy,1.00,xauusd,2574.05,2024-09-18 15:40:55,2575.76,6754706
127041487,2024-09-18 15:40:58,buy,1.00,xauusd,2575.26,2024-09-18 16:19:07,2577.61,6767610
127041565,2024-09-18 15:42:08,sell,1.00,eurjpy,157.809,2024-09-18 16:46:51,157.969,6769686
127043061,2024-09-18 15:58:26,sell,1.00,gbpusd,1.32161,2024-09-18 16:29:19,1.32478,6799052
127045840,2024-09-18 16:19:37,buy,1.00,xauusd,2577.07,2024-09-18 16:47:24,2574.80,6837146
127047019,2024-09-18 16:29:46,sell,1.00,gbpusd,1.32507,2024-09-18 18:30:48,1.32046,6855441
127052592,2024-09-18 16:47:25,buy,1.00,xauusd,2574.33,2024-09-18 16:51:36,2571.11,6887221
127052814,2024-09-18 16:48:11,sell,1.00,eurjpy,157.938,2024-09-18 18:02:12,157.833,6888580
127054003,2024-09-18 16:51:37,buy,1.00,xauusd,2570.61,2024-09-18 16:56:26,2569.68,6894739
127055348,2024-09-18 16:56:27,buy,1.00,xauusd,2569.20,2024-09-18 17:00:30,2571.41,6903452
127056736,2024-09-18 17:00:32,buy,1.00,xauusd,2570.62,2024-09-18 17:13:40,2571.93,6910828
127056820,2024-09-18 17:00:51,buy,1.00,eurjpy,157.839,2024-09-18 17:28:41,157.754,6911377
127060530,2024-09-18 17:14:06,buy,1.00,xauusd,2571.43,2024-09-18 18:33:14,2572.53,6935241
127064047,2024-09-18 17:26:26,sell,1.00,usdjpy,141.835,2024-09-18 17:33:10,141.906,6957439
127065350,2024-09-18 17:30:29,buy,1.00,eurjpy,157.784,2024-09-18 17:46:18,157.698,6964721
127066723,2024-09-18 17:34:09,sell,1.00,usdjpy,141.903,2024-09-18 18:09:41,141.941,6971302
127070360,2024-09-18 17:47:20,buy,1.00,eurjpy,157.730,2024-09-18 21:18:14,157.372,6995038
127070780,2024-09-18 17:49:59,buy,1.00,usdjpy,141.939,2024-09-18 18:06:01,141.944,6999814
127073636,2024-09-18 18:03:01,sell,1.00,eurjpy,157.857,2024-09-18 18:09:41,157.819,7023254
127074401,2024-09-18 18:06:46,buy,1.00,usdjpy,141.886,2024-09-18 18:14:15,141.981,7030005
127075117,2024-09-18 18:09:46,sell,1.00,eurjpy,157.849,2024-09-18 18:33:15,157.771,7035421
127075279,2024-09-18 18:10:22,sell,1.00,usdjpy,141.912,2024-09-18 18:33:15,141.925,7036501
127076189,2024-09-18 18:14:23,buy,1.00,usdjpy,141.960,2024-09-18 21:00:01,141.386,7043738
127080211,2024-09-18 18:33:16,buy,1.00,xauusd,2571.73,2024-09-18 18:44:17,2569.44,7077721
127080226,2024-09-18 18:33:18,sell,1.00,gbpusd,1.32016,2024-09-18 18:38:49,1.31958,7077794
127080437,2024-09-18 18:34:31,sell,1.00,usdjpy,141.915,2024-09-18 21:00:05,140.995,7079979
127080661,2024-09-18 18:35:15,sell,1.00,eurjpy,157.739,2024-09-18 18:40:45,157.786,7081299
