Order,Time,Type,Size,Symbol,Price,End Time,End Price,frame_pos
127152143,2024-09-18 22:36:25,buy,1.00,eurusd,1.11217,2024-09-23 10:15:00,1.11379,0
127181411,2024-09-19 04:12:22,sell,1.00,usdcad,1.36392,2024-09-23 10:15:00,1.35733,0
127184714,2024-09-19 04:33:16,buy,1.00,audusd,0.67427,2024-09-23 10:15:00,0.68110,0
127241134,2024-09-19 09:49:15,sell,1.00,eurusd,1.11412,2024-09-23 10:16:43,1.11197,0
127306879,2024-09-19 15:45:33,buy,1.00,usdcad,1.35647,2024-09-23 16:45:00,1.35214,0
127399631,2024-09-20 04:32:32,sell,1.00,audusd,0.68048,2024-09-23 16:45:00,0.68416,0
127412415,2024-09-20 09:02:16,buy,1.00,gbpusd,1.33107,2024-09-23 10:15:01,1.32868,0
127532339,2024-09-20 19:03:48,sell,1.00,gbpusd,1.33091,2024-09-23 10:37:54,1.32719,0
127552425,2024-09-20 20:22:49,sell,1.00,xauusd,2622.13,2024-09-23 03:31:11,2620.11,0
127556603,2024-09-20 20:41:03,sell,1.00,eurjpy,160.846,2024-09-23 02:43:31,160.608,0
127557373,2024-09-20 20:44:53,sell,1.00,usdjpy,144.067,2024-09-23 01:35:58,144.011,0
127567324,2024-09-20 21:52:20,buy,1.00,eurjpy,160.613,2024-09-23 01:22:02,160.546,0
127571373,2024-09-20 22:43:41,buy,1.00,xauusd,2622.42,2024-09-23 02:37:51,2620.90,0
127573620,2024-09-20 23:53:00,buy,1.00,usdjpy,143.976,2024-09-23 01:22:02,143.805,0
127581727,2024-09-23 01:22:02,buy,1.00,eurjpy,160.519,2024-09-23 01:32:44,160.703,114
127581762,2024-09-23 01:22:32,buy,1.00,usdjpy,143.773,2024-09-23 01:54:50,143.944,1015
127582235,2024-09-23 01:33:07,buy,1.00,eurjpy,160.739,2024-09-23 01:33:25,160.745,20060
127582381,2024-09-23 01:35:58,buy,1.00,eurjpy,160.784,2024-09-23 01:42:18,160.735,25208
127582412,2024-09-23 01:36:01,sell,1.00,usdjpy,144.034,2024-09-23 01:56:11,143.908,25273
127582642,2024-09-23 01:44:12,buy,1.00,eurjpy,160.709,2024-09-23 01:54:50,160.681,40007
127582991,2024-09-23 01:55:11,buy,1.00,usdjpy,143.919,2024-09-23 01:57:35,143.920,59779
127583006,2024-09-23 01:55:36,buy,1.00,eurjpy,160.656,2024-09-23 01:57:01,160.690,60534
127583068,2024-09-23 01:57:02,sell,1.00,usdjpy,143.922,2024-09-23 02:01:45,143.926,63102
127583099,2024-09-23 01:57:35,buy,1.00,usdjpy,143.895,2024-09-23 02:12:00,143.915,64107
127583136,2024-09-23 01:58:37,buy,1.00,eurjpy,160.647,2024-09-23 02:14:06,160.561,65969
127583370,2024-09-23 02:02:15,sell,1.00,usdjpy,143.951,2024-09-23 02:06:34,143.991,72477
127583705,2024-09-23 02:08:36,sell,1.00,usdjpy,143.963,2024-09-23 03:08:41,144.152,83951
127583832,2024-09-23 02:12:25,buy,1.00,usdjpy,143.891,2024-09-23 02:14:06,143.845,90803
127583908,2024-09-23 02:14:14,buy,1.00,usdjpy,143.823,2024-09-23 02:16:58,143.840,94083
127584064,2024-09-23 02:18:03,buy,1.00,usdjpy,143.815,2024-09-23 02:34:49,143.856,100919
127584081,2024-09-23 02:19:44,buy,1.00,eurjpy,160.591,2024-09-23 02:42:30,160.608,103985
127584410,2024-09-23 02:35:21,buy,1.00,usdjpy,143.877,2024-09-23 02:42:30,143.866,132058
127584473,2024-09-23 02:37:52,buy,1.00,xauusd,2620.46,2024-09-23 04:00:01,2618.10,136594
127584575,2024-09-23 02:42:47,buy,1.00,usdjpy,143.848,2024-09-23 02:51:20,143.916,145455
127584576,2024-09-23 02:42:47,buy,1.00,eurjpy,160.586,2024-09-23 02:51:20,160.643,145455
127584617,2024-09-23 02:43:44,sell,1.00,eurjpy,160.638,2024-09-23 03:22:38,160.802,147162
127584995,2024-09-23 02:51:22,buy,1.00,eurjpy,160.673,2024-09-23 03:12:18,160.860,160881
127584997,2024-09-23 02:51:27,buy,1.00,usdjpy,143.948,2024-09-23 02:56:49,143.967,161045
127585260,2024-09-23 02:57:04,buy,1.00,usdjpy,143.995,2024-09-23 03:12:18,144.172,171164
127586867,2024-09-23 03:08:50,sell,1.00,usdjpy,144.176,2024-09-23 03:22:38,144.124,192338
127587237,2024-09-23 03:12:18,buy,1.00,usdjpy,144.060,2024-09-23 03:22:17,144.151,198602
127587238,2024-09-23 03:12:18,buy,1.00,eurjpy,160.756,2024-09-23 03:22:17,160.830,198602
127588324,2024-09-23 03:22:18,buy,1.00,eurjpy,160.801,2024-09-23 04:17:08,161.064,216563
127588329,2024-09-23 03:22:19,buy,1.00,usdjpy,144.120,2024-09-23 03:23:48,144.150,216633
127588407,2024-09-23 03:23:03,sell,1.00,usdjpy,144.148,2024-09-23 03:25:38,144.220,217941
127588470,2024-09-23 03:23:44,sell,1.00,eurjpy,160.831,2024-09-23 03:25:38,160.899,219187
127588522,2024-09-23 03:24:03,buy,1.00,usdjpy,144.182,2024-09-23 03:28:02,144.218,219731
127588830,2024-09-23 03:26:19,sell,1.00,usdjpy,144.192,2024-09-23 04:06:52,144.251,223806
127589303,2024-09-23 03:30:40,buy,1.00,usdjpy,144.233,2024-09-23 03:37:59,144.176,231659
127589360,2024-09-23 03:31:06,sell,1.00,eurjpy,160.934,2024-09-23 04:06:52,160.972,232403
127589665,2024-09-23 03:34:06,sell,1.00,xauusd,2619.69,2024-09-23 04:30:44,2618.25,237829
127590112,2024-09-23 03:41:02,buy,1.00,usdjpy,144.145,2024-09-23 03:47:53,144.175,250284
127590861,2024-09-23 03:49:33,buy,1.00,usdjpy,144.139,2024-09-23 04:17:08,144.338,265624
127592009,2024-09-23 04:00:10,buy,1.00,xauusd,2617.63,2024-09-23 04:01:01,2617.31,284738
127592198,2024-09-23 04:01:02,buy,1.00,xauusd,2616.81,2024-09-23 04:01:44,2617.07,286321
127592377,2024-09-23 04:02:00,buy,1.00,xauusd,2616.57,2024-09-23 04:55:56,2620.66,288042
127592996,2024-09-23 04:06:52,sell,1.00,usdjpy,144.274,2024-09-23 04:12:08,144.339,296818
127593060,2024-09-23 04:07:57,sell,1.00,eurjpy,161.066,2024-09-23 04:12:08,161.076,298769
127593221,2024-09-23 04:12:09,sell,1.00,usdjpy,144.361,2024-09-23 04:14:17,144.346,306308
127593232,2024-09-23 04:12:37,sell,1.00,eurjpy,161.106,2024-09-23 04:14:17,161.085,307134
127593283,2024-09-23 04:14:24,sell,1.00,usdjpy,144.370,2024-09-23 04:32:06,144.413,310349
127593522,2024-09-23 04:15:27,sell,1.00,eurjpy,161.051,2024-09-23 04:29:19,161.120,312238
127593638,2024-09-23 04:18:36,buy,1.00,eurjpy,161.034,2024-09-23 04:41:43,161.073,317901
127593639,2024-09-23 04:18:36,buy,1.00,usdjpy,144.308,2024-09-23 04:22:05,144.309,317901
127593805,2024-09-23 04:23:01,buy,1.00,usdjpy,144.327,2024-09-23 04:30:05,144.392,325861
127594250,2024-09-23 04:30:22,sell,1.00,eurjpy,161.090,2024-09-23 04:32:06,161.140,339097
127594266,2024-09-23 04:30:32,buy,1.00,usdjpy,144.367,2024-09-23 04:30:44,144.376,339400
127594305,2024-09-23 04:31:37,sell,1.00,xauusd,2618.75,2024-09-23 05:36:05,2624.51,341345
127594309,2024-09-23 04:31:58,buy,1.00,usdjpy,144.404,2024-09-23 04:41:43,144.336,341955
127594322,2024-09-23 04:32:07,sell,1.00,usdjpy,144.438,2024-09-23 05:03:10,144.362,342242
127594366,2024-09-23 04:32:34,sell,1.00,eurjpy,161.179,2024-09-23 05:29:50,161.157,343041
127594915,2024-09-23 04:44:05,buy,1.00,usdjpy,144.371,2024-09-23 04:45:16,144.360,363794
127595169,2024-09-23 04:45:44,buy,1.00,usdjpy,144.336,2024-09-23 05:13:43,144.354,366757
127595215,2024-09-23 04:46:56,buy,1.00,eurjpy,161.045,2024-09-23 04:49:47,161.070,368917
127595346,2024-09-23 04:50:16,buy,1.00,eurjpy,161.042,2024-09-23 05:07:28,161.132,374941
127595696,2024-09-23 05:00:04,buy,1.00,xauusd,2620.10,2024-09-23 05:44:36,2624.04,392555
127595807,2024-09-23 05:03:44,sell,1.00,usdjpy,144.387,2024-09-23 05:29:50,144.407,399151
127596066,2024-09-23 05:11:40,buy,1.00,eurjpy,161.102,2024-09-23 05:16:35,161.103,413430
127596107,2024-09-23 05:13:58,buy,1.00,usdjpy,144.329,2024-09-23 07:27:53,144.254,417581
127596371,2024-09-23 05:23:26,buy,1.00,eurjpy,161.134,2024-09-23 06:14:28,161.154,434616
127596531,2024-09-23 05:30:02,sell,1.00,usdjpy,144.432,2024-09-23 05:33:57,144.382,446500
127596635,2024-09-23 05:32:35,sell,1.00,eurjpy,161.127,2024-09-23 05:33:57,161.119,451078
127596734,2024-09-23 05:33:58,sell,1.00,usdjpy,144.399,2024-09-23 05:35:40,144.368,453571
127596782,2024-09-23 05:34:34,sell,1.00,eurjpy,161.149,2024-09-23 05:35:40,161.119,454651
127596912,2024-09-23 05:36:08,sell,1.00,xauusd,2625.00,2024-09-23 05:57:43,2626.20,457502
127597182,2024-09-23 05:40:37,sell,1.00,usdjpy,144.379,2024-09-23 06:39:53,144.288,465538
127597183,2024-09-23 05:40:37,sell,1.00,eurjpy,161.156,2024-09-23 08:44:01,161.016,465568
127597261,2024-09-23 05:44:38,buy,1.00,xauusd,2623.55,2024-09-23 05:45:51,2623.43,472774
127597445,2024-09-23 05:45:57,buy,1.00,xauusd,2622.75,2024-09-23 05:52:31,2624.23,475144
127597609,2024-09-23 05:53:18,buy,1.00,xauusd,2624.68,2024-09-23 06:36:50,2630.47,488350
127597877,2024-09-23 05:57:49,sell,1.00,xauusd,2625.77,2024-09-23 06:04:07,2626.08,496502
127598238,2024-09-23 06:04:17,sell,1.00,xauusd,2626.81,2024-09-23 06:07:07,2627.54,508147
127598424,2024-09-23 06:07:31,sell,1.00,xauusd,2628.03,2024-09-23 06:07:53,2627.34,513964
127598454,2024-09-23 06:08:33,sell,1.00,xauusd,2627.84,2024-09-23 06:29:38,2630.43,515842
127598868,2024-09-23 06:17:43,buy,1.00,eurjpy,161.124,2024-09-23 07:25:05,161.063,532325
127599342,2024-09-23 06:29:43,sell,1.00,xauusd,2630.93,2024-09-23 07:07:26,2628.44,553926
127599643,2024-09-23 06:36:51,buy,1.00,xauusd,2629.99,2024-09-23 07:56:57,2629.73,566760
127599784,2024-09-23 06:41:10,sell,1.00,usdjpy,144.312,2024-09-23 09:24:01,144.158,574541
127600563,2024-09-23 07:07:53,sell,1.00,xauusd,2629.27,2024-09-23 08:57:20,2628.87,622615
127601017,2024-09-23 07:26:00,buy,1.00,eurjpy,161.033,2024-09-23 07:27:53,161.042,655221
127601038,2024-09-23 07:27:53,buy,1.00,usdjpy,144.230,2024-09-23 08:22:16,144.184,658628
127601048,2024-09-23 07:27:56,buy,1.00,eurjpy,161.012,2024-09-23 08:21:25,160.975,658714
127601616,2024-09-23 07:56:57,buy,1.00,xauusd,2629.33,2024-09-23 08:10:20,2628.37,710966
127602219,2024-09-23 08:11:00,buy,1.00,xauusd,2628.00,2024-09-23 09:07:52,2630.17,736214
127602745,2024-09-23 08:24:10,buy,1.00,eurjpy,160.945,2024-09-23 09:27:58,160.800,759919
127602750,2024-09-23 08:24:14,buy,1.00,usdjpy,144.160,2024-09-23 09:47:18,143.918,760052
127603634,2024-09-23 08:50:00,sell,1.00,eurjpy,160.982,2024-09-23 09:02:34,160.848,806447
127604020,2024-09-23 08:59:45,sell,1.00,xauusd,2630.13,2024-09-23 09:04:41,2628.62,823968
127604286,2024-09-23 09:02:45,sell,1.00,eurjpy,160.875,2024-09-23 09:05:32,160.836,829388
127604389,2024-09-23 09:04:55,sell,1.00,xauusd,2629.12,2024-09-23 09:11:01,2628.76,833262
127604506,2024-09-23 09:06:28,sell,1.00,eurjpy,160.881,2024-09-23 09:24:01,160.845,836095
127604654,2024-09-23 09:07:54,buy,1.00,xauusd,2629.55,2024-09-23 10:09:26,2621.73,838652
127604884,2024-09-23 09:11:20,sell,1.00,xauusd,2628.30,2024-09-23 09:55:05,2625.16,844848
127605446,2024-09-23 09:24:02,sell,1.00,usdjpy,144.183,2024-09-23 09:36:17,143.937,867703
127605471,2024-09-23 09:24:26,sell,1.00,eurjpy,160.875,2024-09-23 09:55:14,160.648,868403
127605721,2024-09-23 09:28:00,buy,1.00,eurjpy,160.772,2024-09-23 09:31:01,160.700,874833
127606144,2024-09-23 09:33:59,buy,1.00,eurjpy,160.670,2024-09-23 09:34:13,160.667,885596
127606175,2024-09-23 09:34:19,buy,1.00,eurjpy,160.636,2024-09-23 09:41:37,160.625,886210
127606360,2024-09-23 09:38:02,sell,1.00,usdjpy,143.909,2024-09-23 09:51:13,143.890,892897
127606547,2024-09-23 09:42:23,buy,1.00,eurjpy,160.595,2024-09-23 09:43:16,160.604,900736
127606631,2024-09-23 09:44:19,buy,1.00,eurjpy,160.638,2024-09-23 10:09:20,160.344,904201
127606784,2024-09-23 09:47:31,buy,1.00,usdjpy,143.946,2024-09-23 10:15:00,143.825,909969
127607091,2024-09-23 09:52:31,sell,1.00,usdjpy,143.965,2024-09-23 10:15:03,143.726,918972
127607302,2024-09-23 09:55:49,sell,1.00,xauusd,2624.69,2024-09-23 10:07:14,2620.98,924901
127607311,2024-09-23 09:55:57,sell,1.00,eurjpy,160.613,2024-09-23 10:17:27,159.837,925145
127608898,2024-09-23 10:07:15,sell,1.00,xauusd,2621.58,2024-09-23 10:17:04,2619.92,945464
127609154,2024-09-23 10:09:29,buy,1.00,xauusd,2621.24,2024-09-23 10:15:00,2621.33,949502
127609206,2024-09-23 10:09:41,buy,1.00,eurjpy,160.314,2024-09-23 10:11:39,160.279,949869
127609490,2024-09-23 10:11:41,buy,1.00,eurjpy,160.249,2024-09-23 10:15:37,159.868,953471
127609845,2024-09-23 10:15:02,sell,1.00,usdcad,1.35764,2024-09-23 10:30:00,1.35768,959491
127609920,2024-09-23 10:15:02,buy,1.00,eurusd,1.11224,2024-09-23 10:15:04,1.11202,959510
127609937,2024-09-23 10:15:03,buy,1.00,usdjpy,143.726,2024-09-23 10:15:05,143.734,959519
127610015,2024-09-23 10:15:04,sell,1.00,usdjpy,143.756,2024-09-23 10:22:54,143.756,959552
127610039,2024-09-23 10:15:04,buy,1.00,gbpusd,1.32751,2024-09-23 10:30:00,1.32801,959556
127610202,2024-09-23 10:15:06,buy,1.00,xauusd,2620.12,2024-09-23 10:35:54,2617.62,959594
127610207,2024-09-23 10:15:06,buy,1.00,eurusd,1.11187,2024-09-23 10:15:11,1.11191,959623
127610238,2024-09-23 10:15:07,buy,1.00,usdjpy,143.758,2024-09-23 10:15:37,143.752,959668
127610411,2024-09-23 10:15:34,buy,1.00,audusd,0.68048,2024-09-23 10:30:00,0.68066,960462
127610446,2024-09-23 10:15:39,buy,1.00,eurusd,1.11222,2024-09-23 10:30:00,1.11266,960602
127610460,2024-09-23 10:15:43,buy,1.00,usdjpy,143.727,2024-09-23 10:29:59,143.745,960712
127610554,2024-09-23 10:16:06,buy,1.00,eurjpy,159.830,2024-09-23 10:20:54,159.779,961403
127610686,2024-09-23 10:16:51,sell,1.00,eurusd,1.11219,2024-09-23 16:45:00,1.11313,962733
127610741,2024-09-23 10:17:05,sell,1.00,xauusd,2620.38,2024-09-23 10:30:05,2619.89,963167
127610804,2024-09-23 10:17:50,sell,1.00,eurjpy,159.865,2024-09-23 10:18:28,159.794,964538
127610930,2024-09-23 10:18:37,sell,1.00,eurjpy,159.824,2024-09-23 10:18:48,159.819,965930
127610988,2024-09-23 10:19:08,sell,1.00,eurjpy,159.793,2024-09-23 10:19:11,159.769,966850
127611026,2024-09-23 10:19:24,sell,1.00,eurjpy,159.734,2024-09-23 10:19:56,159.703,967359
127611180,2024-09-23 10:20:01,sell,1.00,eurjpy,159.733,2024-09-23 10:23:11,159.851,968437
127611408,2024-09-23 10:21:44,buy,1.00,eurjpy,159.812,2024-09-23 10:24:31,159.820,971541
127611571,2024-09-23 10:24:00,sell,1.00,usdjpy,143.718,2024-09-23 10:37:14,143.666,975647
127611603,2024-09-23 10:24:27,sell,1.00,eurjpy,159.821,2024-09-23 10:34:17,159.684,976445
127611610,2024-09-23 10:24:33,buy,1.00,eurjpy,159.793,2024-09-23 10:27:50,159.906,976596
127611881,2024-09-23 10:28:25,buy,1.00,eurjpy,159.936,2024-09-23 10:33:21,159.839,983567
127612068,2024-09-23 10:30:00,buy,1.00,gbpusd,1.32767,2024-09-23 10:30:01,1.32729,986452
127612083,2024-09-23 10:30:01,buy,1.00,usdjpy,143.688,2024-09-23 11:00:03,143.660,986458
127612275,2024-09-23 10:30:03,buy,1.00,eurusd,1.11168,2024-09-23 10:30:20,1.10111,986517
127612329,2024-09-23 10:30:09,sell,1.00,xauusd,2619.48,2024-09-23 10:35:22,2616.99,986702
127612407,2024-09-23 10:30:23,buy,1.00,eurusd,1.11088,2024-09-23 16:45:03,1.11366,987116
127612408,2024-09-23 10:30:24,buy,1.00,audusd,0.68044,2024-09-25 04:22:10,0.68980,987152
127612447,2024-09-23 10:30:30,buy,1.00,gbpusd,1.32691,2024-09-23 10:38:44,1.32759,987302
127612454,2024-09-23 10:30:36,sell,1.00,usdcad,1.35803,2024-09-23 23:45:21,1.35322,987514
127612647,2024-09-23 10:33:26,buy,1.00,eurjpy,159.810,2024-09-23 10:33:43,159.776,992614
127612667,2024-09-23 10:33:46,buy,1.00,eurjpy,159.746,2024-09-23 10:36:26,159.688,993214
127612736,2024-09-23 10:34:24,sell,1.00,eurjpy,159.711,2024-09-23 10:35:02,159.604,994352
127612936,2024-09-23 10:35:28,sell,1.00,xauusd,2617.48,2024-09-23 10:36:51,2616.53,996276
127612958,2024-09-23 10:35:45,sell,1.00,eurjpy,159.634,2024-09-23 10:37:14,159.644,996762
127612997,2024-09-23 10:36:10,buy,1.00,xauusd,2616.48,2024-09-23 10:39:43,2615.75,997512
127613009,2024-09-23 10:36:27,buy,1.00,eurjpy,159.658,2024-09-23 10:38:45,159.741,998032
127613046,2024-09-23 10:37:01,sell,1.00,xauusd,2616.07,2024-09-23 10:38:25,2615.06,999069
127613133,2024-09-23 10:37:50,sell,1.00,usdjpy,143.690,2024-09-23 10:41:42,143.655,1000512
127613137,2024-09-23 10:37:53,sell,1.00,eurjpy,159.666,2024-09-23 10:37:54,159.666,1000625
127613157,2024-09-23 10:38:01,sell,1.00,eurjpy,159.716,2024-09-23 10:39:06,159.733,1000864
127613165,2024-09-23 10:38:02,sell,1.00,gbpusd,1.32758,2024-09-23 11:35:03,1.32615,1000898
127613240,2024-09-23 10:38:33,sell,1.00,xauusd,2615.89,2024-09-23 10:47:18,2613.99,1001826
127613300,2024-09-23 10:38:54,buy,1.00,eurjpy,159.701,2024-09-23 10:40:23,159.700,1002457
127613347,2024-09-23 10:39:07,buy,1.00,gbpusd,1.32722,2024-09-23 11:08:53,1.32554,1002842
127613382,2024-09-23 10:39:21,sell,1.00,eurjpy,159.755,2024-09-23 10:41:17,159.598,1003269
127613505,2024-09-23 10:40:06,buy,1.00,xauusd,2615.26,2024-09-23 10:40:44,2615.85,1004629
127613526,2024-09-23 10:40:40,buy,1.00,eurjpy,159.671,2024-09-23 10:42:24,159.542,1005617
127613546,2024-09-23 10:40:53,buy,1.00,xauusd,2615.35,2024-09-23 10:44:34,2616.59,1006026
127613583,2024-09-23 10:41:20,sell,1.00,eurjpy,159.622,2024-09-23 10:41:48,159.589,1006833
127613626,2024-09-23 10:42:00,sell,1.00,usdjpy,143.625,2024-09-23 10:47:24,143.616,1008029
127613641,2024-09-23 10:42:05,sell,1.00,eurjpy,159.559,2024-09-23 10:47:24,159.518,1008183
127613676,2024-09-23 10:42:30,buy,1.00,eurjpy,159.516,2024-09-23 10:43:01,159.518,1008933
127613765,2024-09-23 10:43:24,buy,1.00,eurjpy,159.548,2024-09-23 10:46:45,159.536,1010545
127614167,2024-09-23 10:46:26,buy,1.00,xauusd,2615.55,2024-09-23 10:55:37,2615.16,1015995
127614190,2024-09-23 10:46:49,buy,1.00,eurjpy,159.506,2024-09-23 10:56:06,159.571,1016702
127614308,2024-09-23 10:47:38,sell,1.00,eurjpy,159.548,2024-09-23 10:52:59,159.503,1018176
127614313,2024-09-23 10:47:43,sell,1.00,usdjpy,143.634,2024-09-23 10:56:31,143.701,1018295
127614341,2024-09-23 10:48:21,sell,1.00,xauusd,2614.48,2024-09-23 11:03:49,2616.45,1019437
127614798,2024-09-23 10:54:13,sell,1.00,eurjpy,159.532,2024-09-23 11:15:37,159.156,1030029
127614917,2024-09-23 10:55:40,buy,1.00,xauusd,2614.66,2024-09-23 11:22:33,2618.80,1032633
127614953,2024-09-23 10:56:30,buy,1.00,eurjpy,159.532,2024-09-23 10:58:11,159.536,1034122
127614968,2024-09-23 10:56:36,sell,1.00,usdjpy,143.725,2024-09-23 11:15:37,143.584,1034314
127615083,2024-09-23 10:58:52,buy,1.00,eurjpy,159.507,2024-09-23 11:00:00,159.495,1038384
127615640,2024-09-23 11:00:05,buy,1.00,eurjpy,159.449,2024-09-23 11:07:59,159.427,1040583
127615803,2024-09-23 11:00:19,buy,1.00,usdjpy,143.618,2024-09-23 11:08:48,143.713,1041012
127616646,2024-09-23 11:04:03,sell,1.00,xauusd,2616.95,2024-09-23 11:14:58,2616.39,1047731
127617045,2024-09-23 11:08:16,buy,1.00,eurjpy,159.397,2024-09-23 11:08:20,159.411,1055293
127617089,2024-09-23 11:09:01,buy,1.00,eurjpy,159.365,2024-09-23 11:20:08,159.261,1056669
127617095,2024-09-23 11:09:02,buy,1.00,usdjpy,143.675,2024-09-23 12:16:40,143.698,1056672
127617571,2024-09-23 11:13:52,buy,1.00,gbpusd,1.32524,2024-09-23 11:30:00,1.32597,1065402
127618028,2024-09-23 11:15:08,sell,1.00,xauusd,2617.02,2024-09-23 11:20:00,2617.14,1067645
127618094,2024-09-23 11:15:51,sell,1.00,usdjpy,143.615,2024-09-23 11:28:45,143.517,1068938
127618096,2024-09-23 11:15:53,sell,1.00,eurjpy,159.196,2024-09-23 11:28:45,159.211,1069022
127618354,2024-09-23 11:20:05,sell,1.00,xauusd,2617.64,2024-09-23 12:35:39,2619.28,1076583
127618430,2024-09-23 11:20:57,buy,1.00,eurjpy,159.212,2024-09-23 11:25:20,159.094,1078123
127618753,2024-09-23 11:25:13,buy,1.00,xauusd,2619.22,2024-09-23 11:29:16,2616.93,1085806
127618800,2024-09-23 11:25:45,buy,1.00,eurjpy,159.064,2024-09-23 11:27:43,159.169,1086793
127618887,2024-09-23 11:27:49,buy,1.00,eurjpy,159.140,2024-09-23 11:33:45,159.260,1090482
127618974,2024-09-23 11:29:20,buy,1.00,xauusd,2616.43,2024-09-23 11:45:32,2616.47,1093234
127618989,2024-09-23 11:30:00,sell,1.00,eurjpy,159.172,2024-09-23 11:33:15,159.212,1094431
127619198,2024-09-23 11:30:03,buy,1.00,gbpusd,1.32546,2024-09-23 11:30:15,1.32589,1094501
127619249,2024-09-23 11:30:36,sell,1.00,usdjpy,143.534,2024-09-23 11:33:15,143.518,1095529
127619405,2024-09-23 11:32:17,buy,1.00,gbpusd,1.32623,2024-09-23 16:45:03,1.33321,1098538
127619467,2024-09-23 11:33:16,sell,1.00,usdjpy,143.542,2024-09-23 11:36:02,143.600,1100310
127619478,2024-09-23 11:33:32,sell,1.00,eurjpy,159.261,2024-09-23 11:36:02,159.306,1100774
127619504,2024-09-23 11:34:04,buy,1.00,eurjpy,159.291,2024-09-23 11:49:54,159.356,1101731
127619610,2024-09-23 11:35:49,sell,1.00,gbpusd,1.32646,2024-09-23 16:45:00,1.33291,1104880
127619627,2024-09-23 11:36:15,sell,1.00,eurjpy,159.276,2024-09-23 11:41:49,159.210,1105663
127619628,2024-09-23 11:36:18,sell,1.00,usdjpy,143.571,2024-09-23 11:41:49,143.596,1105752
127619872,2024-09-23 11:41:49,sell,1.00,eurjpy,159.238,2024-09-23 11:48:46,159.312,1115701
127619877,2024-09-23 11:41:55,sell,1.00,usdjpy,143.623,2024-09-23 11:54:56,143.570,1115883
127620278,2024-09-23 11:45:58,buy,1.00,xauusd,2615.89,2024-09-23 12:24:04,2618.95,1123165
127620367,2024-09-23 11:49:00,sell,1.00,eurjpy,159.339,2024-09-23 12:04:31,159.344,1128612
127620557,2024-09-23 11:53:03,buy,1.00,eurjpy,159.328,2024-09-23 12:05:26,159.341,1135888
127620698,2024-09-23 11:55:27,sell,1.00,usdjpy,143.645,2024-09-23 13:00:05,143.632,1140239
127621345,2024-09-23 12:04:56,sell,1.00,eurjpy,159.372,2024-09-23 12:10:26,159.480,1157303
127621420,2024-09-23 12:06:18,buy,1.00,eurjpy,159.371,2024-09-23 12:16:40,159.543,1159776
127621664,2024-09-23 12:10:39,sell,1.00,eurjpy,159.510,2024-09-23 12:53:42,159.482,1167581
127622138,2024-09-23 12:16:40,buy,1.00,usdjpy,143.673,2024-09-23 12:30:32,143.670,1178435
127622164,2024-09-23 12:17:06,buy,1.00,eurjpy,159.514,2024-09-23 12:18:22,159.589,1179203
127622360,2024-09-23 12:20:04,buy,1.00,eurjpy,159.561,2024-09-23 12:24:07,159.627,1184524
127622579,2024-09-23 12:24:15,buy,1.00,xauusd,2618.55,2024-09-23 13:55:29,2621.97,1192057
127622586,2024-09-23 12:24:26,buy,1.00,eurjpy,159.659,2024-09-23 12:25:12,159.660,1192419
127622680,2024-09-23 12:25:49,buy,1.00,eurjpy,159.630,2024-09-23 12:31:16,159.603,1194888
127623054,2024-09-23 12:30:36,buy,1.00,usdjpy,143.653,2024-09-23 12:55:20,143.604,1203545
127623134,2024-09-23 12:33:35,buy,1.00,eurjpy,159.513,2024-09-23 12:55:20,159.505,1208894
127623225,2024-09-23 12:35:35,sell,1.00,xauusd,2619.74,2024-09-23 12:46:59,2619.96,1212521
127623866,2024-09-23 12:48:14,sell,1.00,xauusd,2620.42,2024-09-23 12:53:24,2621.20,1235240
127624082,2024-09-23 12:53:36,sell,1.00,xauusd,2621.63,2024-09-23 13:06:44,2622.07,1244909
127624139,2024-09-23 12:54:32,sell,1.00,eurjpy,159.517,2024-09-23 14:13:06,159.336,1246578
127624194,2024-09-23 12:55:20,buy,1.00,usdjpy,143.582,2024-09-23 13:34:24,143.425,1248031
127624628,2024-09-23 13:00:06,buy,1.00,eurjpy,159.536,2024-09-23 13:10:59,159.341,1256593
127624651,2024-09-23 13:00:17,sell,1.00,usdjpy,143.657,2024-09-23 15:17:29,143.697,1256919
127625072,2024-09-23 13:06:52,sell,1.00,xauusd,2621.65,2024-09-23 13:08:19,2621.01,1268795
127625216,2024-09-23 13:09:05,sell,1.00,xauusd,2621.97,2024-09-23 13:11:13,2622.12,1272779
127625382,2024-09-23 13:11:36,buy,1.00,eurjpy,159.314,2024-09-23 13:34:24,159.414,1277310
127625519,2024-09-23 13:13:59,sell,1.00,xauusd,2622.62,2024-09-23 13:53:31,2621.39,1281587
127626852,2024-09-23 13:36:41,buy,1.00,eurjpy,159.384,2024-09-23 13:38:17,159.330,1322439
127626857,2024-09-23 13:36:46,buy,1.00,usdjpy,143.407,2024-09-23 13:51:50,143.337,1322614
127627127,2024-09-23 13:40:51,buy,1.00,eurjpy,159.361,2024-09-23 13:48:08,159.350,1329996
127627671,2024-09-23 13:49:02,buy,1.00,eurjpy,159.307,2024-09-23 13:51:50,159.274,1344774
127627874,2024-09-23 13:52:53,buy,1.00,usdjpy,143.307,2024-09-23 14:03:45,143.328,1351681
127627905,2024-09-23 13:53:31,sell,1.00,xauusd,2621.92,2024-09-23 14:03:16,2622.31,1352796
127628006,2024-09-23 13:55:04,buy,1.00,eurjpy,159.243,2024-09-23 14:08:16,159.211,1355552
127628156,2024-09-23 13:56:28,buy,1.00,xauusd,2622.26,2024-09-23 14:03:24,2622.96,1358098
127628883,2024-09-23 14:03:17,sell,1.00,xauusd,2622.80,2024-09-23 14:26:38,2622.22,1370376
127628898,2024-09-23 14:03:35,buy,1.00,xauusd,2622.20,2024-09-23 14:07:21,2622.69,1370891
127628905,2024-09-23 14:03:49,buy,1.00,usdjpy,143.309,2024-09-23 14:19:50,143.341,1371315
127629149,2024-09-23 14:07:29,buy,1.00,xauusd,2622.21,2024-09-23 15:18:55,2621.70,1377941
127629308,2024-09-23 14:10:15,buy,1.00,eurjpy,159.241,2024-09-23 14:19:50,159.435,1382909
127629481,2024-09-23 14:13:35,sell,1.00,eurjpy,159.316,2024-09-23 14:45:43,159.599,1388911
127630073,2024-09-23 14:20:27,buy,1.00,eurjpy,159.463,2024-09-23 14:56:14,159.753,1401278
127630081,2024-09-23 14:20:36,buy,1.00,usdjpy,143.372,2024-09-23 15:40:02,143.812,1401517
127630425,2024-09-23 14:26:57,sell,1.00,xauusd,2622.83,2024-09-23 14:30:30,2623.01,1412958
127630699,2024-09-23 14:30:58,sell,1.00,xauusd,2623.97,2024-09-23 14:49:58,2623.85,1420198
127631845,2024-09-23 14:46:29,sell,1.00,eurjpy,159.645,2024-09-23 14:47:02,159.639,1448119
127632014,2024-09-23 14:48:54,sell,1.00,eurjpy,159.707,2024-09-23 15:23:18,159.721,1452455
127632071,2024-09-23 14:49:59,sell,1.00,xauusd,2624.29,2024-09-23 15:25:05,2620.39,1454418
127632387,2024-09-23 14:57:07,buy,1.00,eurjpy,159.723,2024-09-23 14:57:33,159.723,1467262
127632413,2024-09-23 14:57:38,buy,1.00,eurjpy,159.694,2024-09-23 15:40:02,159.851,1468208
127634058,2024-09-23 15:18:05,sell,1.00,usdjpy,143.737,2024-09-23 15:30:10,143.773,1505016
127634219,2024-09-23 15:19:06,buy,1.00,xauusd,2622.12,2024-09-23 15:21:35,2621.62,1506822
127634557,2024-09-23 15:21:40,buy,1.00,xauusd,2621.07,2024-09-23 16:03:23,2627.75,1511457
127634977,2024-09-23 15:25:06,sell,1.00,xauusd,2621.18,2024-09-23 15:40:02,2622.70,1517654
127635058,2024-09-23 15:25:46,sell,1.00,eurjpy,159.751,2024-09-23 15:30:35,159.788,1518821
127635500,2024-09-23 15:30:41,sell,1.00,usdjpy,143.828,2024-09-23 15:34:47,143.855,1527686
127635514,2024-09-23 15:30:52,sell,1.00,eurjpy,159.826,2024-09-23 15:49:24,159.778,1528034
127636050,2024-09-23 15:39:03,sell,1.00,usdjpy,143.826,2024-09-23 15:49:23,143.690,1542738
127636609,2024-09-23 15:40:31,buy,1.00,eurjpy,159.821,2024-09-23 17:00:07,160.387,1545387
127636838,2024-09-23 15:40:38,sell,1.00,xauusd,2623.31,2024-09-23 15:41:36,2622.34,1545610
127636932,2024-09-23 15:41:05,buy,1.00,usdjpy,143.772,2024-09-23 16:15:18,143.789,1546406
127637187,2024-09-23 15:42:31,sell,1.00,xauusd,2623.20,2024-09-23 15:57:09,2626.33,1548986
127638732,2024-09-23 15:49:24,sell,1.00,usdjpy,143.715,2024-09-23 15:54:42,143.764,1561377
127638765,2024-09-23 15:49:38,sell,1.00,eurjpy,159.808,2024-09-23 15:55:08,159.921,1561815
127639791,2024-09-23 15:55:09,sell,1.00,usdjpy,143.789,2024-09-23 16:23:01,143.869,1571715
127639810,2024-09-23 15:55:13,sell,1.00,eurjpy,159.951,2024-09-23 16:01:56,159.934,1571860
127640284,2024-09-23 15:57:17,sell,1.00,xauusd,2626.83,2024-09-23 16:02:20,2626.10,1575548
127642026,2024-09-23 16:01:57,sell,1.00,eurjpy,159.959,2024-09-23 16:18:44,160.013,1583956
127642217,2024-09-23 16:02:42,sell,1.00,xauusd,2626.95,2024-09-23 16:03:38,2627.05,1585313
127642436,2024-09-23 16:03:24,buy,1.00,xauusd,2627.24,2024-09-23 16:17:09,2629.69,1586582
127642501,2024-09-23 16:03:38,sell,1.00,xauusd,2627.50,2024-09-23 16:05:18,2628.04,1587002
127642946,2024-09-23 16:05:35,sell,1.00,xauusd,2627.62,2024-09-23 16:10:09,2627.85,1590502
127644176,2024-09-23 16:11:35,sell,1.00,xauusd,2628.31,2024-09-23 16:25:13,2629.32,1601301
127645246,2024-09-23 16:16:28,buy,1.00,usdjpy,143.727,2024-09-23 16:24:23,143.884,1610108
127645359,2024-09-23 16:17:27,buy,1.00,xauusd,2629.08,2024-09-23 16:23:01,2628.87,1611858
127645621,2024-09-23 16:19:41,sell,1.00,eurjpy,160.044,2024-09-23 16:21:06,160.083,1615886
127646081,2024-09-23 16:22:37,sell,1.00,eurjpy,160.113,2024-09-23 17:00:24,160.404,1621172
127646164,2024-09-23 16:23:01,sell,1.00,usdjpy,143.893,2024-09-23 16:28:25,143.864,1621899
127646427,2024-09-23 16:24:27,buy,1.00,xauusd,2629.29,2024-09-23 16:31:04,2629.21,1624448
127646840,2024-09-23 16:25:59,buy,1.00,usdjpy,143.855,2024-09-23 16:31:08,143.838,1627245
127646905,2024-09-23 16:26:14,sell,1.00,xauusd,2630.09,2024-09-23 16:28:15,2630.21,1627665
127647359,2024-09-23 16:28:16,sell,1.00,xauusd,2630.68,2024-09-23 16:36:14,2627.37,1631327
127648103,2024-09-23 16:30:33,sell,1.00,usdjpy,143.836,2024-09-23 16:33:17,143.862,1635456
127648251,2024-09-23 16:31:05,buy,1.00,xauusd,2628.43,2024-09-23 16:33:11,2627.39,1636399
127648731,2024-09-23 16:32:35,buy,1.00,usdjpy,143.805,2024-09-23 16:32:37,143.803,1639104
127648782,2024-09-23 16:32:46,buy,1.00,usdjpy,143.834,2024-09-23 16:45:00,143.550,1639416
127648901,2024-09-23 16:33:12,buy,1.00,xauusd,2626.92,2024-09-23 16:45:17,2629.31,1640200
127648947,2024-09-23 16:33:18,sell,1.00,usdjpy,143.887,2024-09-23 16:40:29,143.796,1640386
127649995,2024-09-23 16:36:35,sell,1.00,xauusd,2627.97,2024-09-23 16:40:32,2628.82,1646301
127651213,2024-09-23 16:40:36,sell,1.00,xauusd,2629.52,2024-09-23 16:42:01,2630.81,1653517
127651255,2024-09-23 16:40:47,sell,1.00,usdjpy,143.820,2024-09-23 16:45:01,143.555,1653884
127651714,2024-09-23 16:42:03,sell,1.00,xauusd,2631.52,2024-09-23 16:45:00,2630.62,1656149
127652634,2024-09-23 16:45:01,sell,1.00,xauusd,2632.27,2024-09-23 16:45:04,2631.03,1661472
127652669,2024-09-23 16:45:01,buy,1.00,usdjpy,143.535,2024-09-23 16:45:27,143.951,1661489
127652694,2024-09-23 16:45:01,sell,1.00,gbpusd,1.33327,2024-09-23 16:54:23,1.33223,1661492
127652717,2024-09-23 16:45:01,sell,1.00,audusd,0.68441,2024-09-26 04:00:02,0.68298,1661495
127652720,2024-09-23 16:45:01,sell,1.00,eurusd,1.11362,2024-09-24 17:00:03,1.11400,1661495
127652911,2024-09-23 16:45:03,sell,1.00,usdjpy,143.731,2024-09-23 16:45:05,143.660,1661548
127653044,2024-09-23 16:45:10,sell,1.00,xauusd,2630.76,2024-09-23 16:47:47,2627.35,1661762
127653058,2024-09-23 16:45:11,buy,1.00,usdcad,1.35247,2024-09-27 15:30:03,1.34825,1661765
127653081,2024-09-23 16:45:11,sell,1.00,usdjpy,143.822,2024-09-23 16:45:17,143.830,1661783
127653108,2024-09-23 16:45:14,buy,1.00,eurusd,1.11325,2024-09-25 17:52:07,1.11711,1661886
127653109,2024-09-23 16:45:14,buy,1.00,gbpusd,1.33291,2024-09-25 04:22:08,1.34232,1661886
127653187,2024-09-23 16:45:19,buy,1.00,xauusd,2628.82,2024-09-23 16:46:06,2627.47,1662036
127653221,2024-09-23 16:45:21,sell,1.00,usdjpy,143.964,2024-09-23 16:45:23,143.965,1662082
127653291,2024-09-23 16:45:25,sell,1.00,usdjpy,143.982,2024-09-23 16:45:28,143.938,1662186
127653342,2024-09-23 16:45:28,buy,1.00,usdjpy,143.927,2024-09-23 16:45:48,144.118,1662271
127653394,2024-09-23 16:45:31,sell,1.00,usdjpy,143.974,2024-09-23 16:45:37,143.988,1662367
127653471,2024-09-23 16:45:40,sell,1.00,usdjpy,144.020,2024-09-23 16:45:42,144.057,1662624
127653530,2024-09-23 16:45:45,sell,1.00,usdjpy,144.105,2024-09-23 16:47:17,144.155,1662817
127653560,2024-09-23 16:45:48,buy,1.00,usdjpy,144.094,2024-09-23 16:46:01,144.139,1662903
127653749,2024-09-23 16:46:06,buy,1.00,usdjpy,144.115,2024-09-23 16:47:33,144.167,1663442
127653754,2024-09-23 16:46:07,buy,1.00,xauusd,2627.02,2024-09-23 16:46:22,2626.69,1663458
127654030,2024-09-23 16:46:45,buy,1.00,xauusd,2626.92,2024-09-23 16:46:50,2626.76,1664586
127654107,2024-09-23 16:47:00,buy,1.00,xauusd,2627.20,2024-09-23 16:50:31,2630.51,1665041
127654258,2024-09-23 16:47:23,sell,1.00,usdjpy,144.202,2024-09-23 16:47:46,144.190,1665760
127654339,2024-09-23 16:47:36,buy,1.00,usdjpy,144.138,2024-09-23 16:50:49,144.021,1666117
127654422,2024-09-23 16:47:53,sell,1.00,usdjpy,144.162,2024-09-23 16:49:02,144.112,1666629
127654430,2024-09-23 16:47:53,sell,1.00,xauusd,2628.53,2024-09-23 16:48:28,2629.74,1666646
127654741,2024-09-23 16:48:39,sell,1.00,xauusd,2629.31,2024-09-23 16:49:57,2630.13,1668012
127654872,2024-09-23 16:49:05,sell,1.00,usdjpy,144.140,2024-09-23 16:50:18,143.999,1668786
127655235,2024-09-23 16:50:01,sell,1.00,xauusd,2630.65,2024-09-23 16:50:40,2629.72,1670498
127655368,2024-09-23 16:50:22,sell,1.00,usdjpy,144.031,2024-09-23 16:51:10,143.995,1671098
127655437,2024-09-23 16:50:34,buy,1.00,xauusd,2629.89,2024-09-23 16:51:12,2632.39,1671470
127655543,2024-09-23 16:50:49,sell,1.00,xauusd,2631.20,2024-09-23 16:53:07,2631.86,1671910
127655657,2024-09-23 16:51:01,buy,1.00,usdjpy,143.974,2024-09-23 16:51:57,144.029,1672272
127655756,2024-09-23 16:51:12,buy,1.00,xauusd,2631.99,2024-09-23 16:51:27,2631.16,1672614
127655792,2024-09-23 16:51:16,sell,1.00,usdjpy,144.027,2024-09-23 16:51:27,144.040,1672748
127655898,2024-09-23 16:51:33,buy,1.00,xauusd,2630.61,2024-09-23 16:55:51,2633.81,1673260
127655900,2024-09-23 16:51:34,sell,1.00,usdjpy,144.020,2024-09-23 16:53:34,144.021,1673263
127656173,2024-09-23 16:52:20,buy,1.00,usdjpy,144.004,2024-09-23 16:52:48,144.014,1674641
127656317,2024-09-23 16:52:50,buy,1.00,usdjpy,143.999,2024-09-23 17:54:29,143.783,1675545
127656388,2024-09-23 16:53:08,sell,1.00,xauusd,2632.34,2024-09-23 16:53:34,2630.78,1676084
127656540,2024-09-23 16:53:36,sell,1.00,xauusd,2631.54,2024-09-23 16:53:44,2630.71,1676925
127656566,2024-09-23 16:53:39,sell,1.00,usdjpy,144.058,2024-09-23 16:54:50,143.988,1677036
127656619,2024-09-23 16:53:45,sell,1.00,xauusd,2631.21,2024-09-23 16:54:21,2632.47,1677186
127656821,2024-09-23 16:54:23,sell,1.00,xauusd,2633.49,2024-09-23 16:55:41,2633.36,1678347
127657184,2024-09-23 16:55:10,sell,1.00,gbpusd,1.33280,2024-09-24 08:00:42,1.33611,1679751
127657208,2024-09-23 16:55:16,sell,1.00,usdjpy,144.005,2024-09-23 16:55:32,144.007,1679948
127657329,2024-09-23 16:55:43,sell,1.00,xauusd,2633.99,2024-09-23 16:56:06,2632.39,1680756
127657372,2024-09-23 16:55:54,buy,1.00,xauusd,2633.09,2024-09-23 16:58:17,2633.66,1681086
127657487,2024-09-23 16:56:08,sell,1.00,xauusd,2633.15,2024-09-23 16:56:11,2633.07,1681479
127657679,2024-09-23 16:56:45,sell,1.00,usdjpy,144.087,2024-09-23 16:58:47,144.038,1682608
127657704,2024-09-23 16:56:50,sell,1.00,xauusd,2633.56,2024-09-23 16:57:12,2633.37,1682736
127657896,2024-09-23 16:57:31,sell,1.00,xauusd,2633.87,2024-09-23 16:58:21,2633.42,1683957
127658140,2024-09-23 16:58:17,buy,1.00,xauusd,2633.61,2024-09-23 16:59:01,2632.89,1685379
127658177,2024-09-23 16:58:22,sell,1.00,xauusd,2632.99,2024-09-23 17:00:18,2632.22,1685527
127658333,2024-09-23 16:58:51,sell,1.00,usdjpy,144.066,2024-09-23 17:01:00,144.165,1686367
127658405,2024-09-23 16:59:02,buy,1.00,xauusd,2632.31,2024-09-23 16:59:10,2632.57,1686723
127658681,2024-09-23 16:59:54,buy,1.00,xauusd,2632.07,2024-09-23 17:00:30,2631.90,1688273
127659219,2024-09-23 17:00:13,buy,1.00,eurjpy,160.416,2024-09-23 17:02:14,160.519,1688829
127659328,2024-09-23 17:00:26,sell,1.00,xauusd,2632.13,2024-09-23 17:00:31,2630.94,1689223
127659370,2024-09-23 17:00:31,buy,1.00,xauusd,2630.94,2024-09-23 17:00:34,2631.97,1689378
127659397,2024-09-23 17:00:34,sell,14.00,xauusd,2631.83,2024-09-23 17:02:05,2632.01,1689463
127659413,2024-09-23 17:00:37,buy,1.00,xauusd,2631.61,2024-09-23 17:02:08,2633.04,1689556
127659596,2024-09-23 17:01:03,sell,1.00,eurjpy,160.450,2024-09-23 17:18:48,160.431,1690345
127659597,2024-09-23 17:01:03,sell,1.00,usdjpy,144.186,2024-09-23 17:14:16,144.262,1690345
127659959,2024-09-23 17:02:05,sell,1.00,xauusd,2632.42,2024-09-23 17:03:03,2628.14,1692207
127660064,2024-09-23 17:02:16,buy,1.00,xauusd,2633.62,2024-09-23 17:02:54,2630.73,1692524
127660207,2024-09-23 17:02:36,buy,1.00,eurjpy,160.490,2024-09-23 17:04:34,160.441,1693158
127660330,2024-09-23 17:02:56,buy,1.00,xauusd,2630.24,2024-09-23 17:03:00,2629.47,1693717
127660378,2024-09-23 17:03:01,buy,1.00,xauusd,2628.99,2024-09-23 17:06:07,2631.04,1693862
127660411,2024-09-23 17:03:04,sell,1.00,xauusd,2628.98,2024-09-23 17:04:39,2629.52,1693986
127660771,2024-09-23 17:04:40,sell,1.00,xauusd,2630.29,2024-09-23 17:05:40,2630.27,1696836
127660853,2024-09-23 17:04:54,buy,1.00,eurjpy,160.464,2024-09-23 17:13:36,160.467,1697265
127661165,2024-09-23 17:05:41,sell,1.00,xauusd,2630.76,2024-09-23 17:06:11,2630.23,1698673
127661266,2024-09-23 17:06:07,buy,1.00,xauusd,2630.58,2024-09-23 17:07:28,2630.77,1699476
127661346,2024-09-23 17:06:24,sell,1.00,xauusd,2631.03,2024-09-23 17:11:14,2632.53,1699965
127661631,2024-09-23 17:07:36,buy,1.00,xauusd,2630.32,2024-09-23 17:38:19,2633.82,1702148
127662724,2024-09-23 17:11:18,sell,1.00,xauusd,2631.82,2024-09-23 17:13:06,2630.10,1708792
127663446,2024-09-23 17:13:52,buy,1.00,eurjpy,160.439,2024-09-23 17:36:07,160.204,1713398
127663535,2024-09-23 17:14:12,sell,1.00,xauusd,2631.32,2024-09-23 17:16:00,2630.83,1714013
127663575,2024-09-23 17:14:22,sell,1.00,usdjpy,144.287,2024-09-23 17:27:22,144.062,1714298
127664204,2024-09-23 17:16:13,sell,1.00,xauusd,2630.33,2024-09-23 17:16:27,2630.54,1717629
127664321,2024-09-23 17:16:34,sell,1.00,xauusd,2631.08,2024-09-23 17:21:37,2630.24,1718260
127665192,2024-09-23 17:19:09,sell,1.00,eurjpy,160.461,2024-09-23 17:24:02,160.314,1722936
127666133,2024-09-23 17:22:03,sell,1.00,xauusd,2631.05,2024-09-23 17:23:06,2631.35,1728129
127666425,2024-09-23 17:23:07,sell,1.00,xauusd,2631.83,2024-09-23 17:46:36,2631.20,1730076
127667087,2024-09-23 17:25:16,sell,1.00,eurjpy,160.283,2024-09-23 17:27:00,160.320,1733956
127667586,2024-09-23 17:27:12,sell,1.00,eurjpy,160.368,2024-09-23 17:37:55,160.224,1737398
127667928,2024-09-23 17:28:35,sell,1.00,usdjpy,144.033,2024-09-23 18:38:54,143.817,1739917
127670305,2024-09-23 17:36:34,buy,1.00,eurjpy,160.175,2024-09-23 17:51:01,160.071,1754260
127670670,2024-09-23 17:38:31,buy,1.00,xauusd,2632.84,2024-09-23 17:39:32,2631.62,1757772
127670870,2024-09-23 17:39:22,sell,1.00,eurjpy,160.192,2024-09-23 17:58:41,159.969,1759313
127670946,2024-09-23 17:39:33,buy,1.00,xauusd,2631.06,2024-09-23 17:40:01,2630.85,1759621
127671159,2024-09-23 17:40:02,buy,1.00,xauusd,2630.46,2024-09-23 17:42:27,2630.51,1760517
127671787,2024-09-23 17:42:29,buy,1.00,xauusd,2630.02,2024-09-23 17:44:09,2631.67,1764921
127672176,2024-09-23 17:44:33,buy,1.00,xauusd,2632.08,2024-09-23 17:45:24,2632.69,1768644
127672487,2024-09-23 17:45:24,buy,1.00,xauusd,2632.28,2024-09-23 17:49:49,2631.40,1770176
127672669,2024-09-23 17:46:38,sell,1.00,xauusd,2631.66,2024-09-23 17:47:12,2631.79,1772378
127672738,2024-09-23 17:47:19,sell,1.00,xauusd,2632.29,2024-09-23 17:47:33,2631.52,1773610
127672771,2024-09-23 17:47:33,sell,1.00,xauusd,2632.02,2024-09-23 17:48:26,2631.97,1774044
127672927,2024-09-23 17:48:32,sell,1.00,xauusd,2632.64,2024-09-23 17:54:04,2630.71,1775805
127673294,2024-09-23 17:50:23,buy,1.00,xauusd,2631.82,2024-09-23 17:50:42,2632.25,1779129
127673422,2024-09-23 17:51:24,buy,1.00,eurjpy,160.038,2024-09-23 17:54:29,160.056,1780970
127673427,2024-09-23 17:51:31,buy,1.00,xauusd,2631.84,2024-09-23 17:53:32,2631.86,1781198
127673728,2024-09-23 17:53:36,buy,1.00,xauusd,2631.04,2024-09-23 17:54:26,2631.69,1784941
127673806,2024-09-23 17:54:04,sell,1.00,xauusd,2631.07,2024-09-23 18:01:41,2628.71,1785786
127673910,2024-09-23 17:54:54,buy,1.00,xauusd,2631.14,2024-09-23 17:55:33,2630.77,1787275
127673922,2024-09-23 17:54:59,buy,1.00,eurjpy,160.089,2024-09-23 18:00:15,159.991,1787410
127673923,2024-09-23 17:54:59,buy,1.00,usdjpy,143.811,2024-09-23 18:00:15,143.698,1787410
127674035,2024-09-23 17:55:43,buy,1.00,xauusd,2630.61,2024-09-23 17:56:32,2630.37,1788734
127674152,2024-09-23 17:56:43,buy,1.00,xauusd,2629.91,2024-09-23 17:57:56,2631.07,1790534
127674331,2024-09-23 17:58:02,buy,1.00,xauusd,2630.68,2024-09-23 18:01:32,2629.34,1792918
127674476,2024-09-23 17:58:45,sell,1.00,eurjpy,159.996,2024-09-23 19:05:16,159.739,1794217
127675059,2024-09-23 18:00:19,buy,1.00,eurjpy,159.962,2024-09-23 18:21:24,160.122,1797014
127675064,2024-09-23 18:00:20,buy,1.00,usdjpy,143.673,2024-09-23 18:21:24,143.802,1797067
127675238,2024-09-23 18:01:32,buy,1.00,xauusd,2628.85,2024-09-23 18:07:25,2626.45,1799212
127675354,2024-09-23 18:02:19,sell,1.00,xauusd,2629.77,2024-09-23 18:03:53,2628.30,1800646
127675652,2024-09-23 18:04:02,sell,1.00,xauusd,2628.64,2024-09-23 18:23:32,2629.19,1803729
127676210,2024-09-23 18:07:28,buy,1.00,xauusd,2625.98,2024-09-23 18:32:51,2631.33,1809886
127678304,2024-09-23 18:22:04,buy,1.00,usdjpy,143.811,2024-09-23 18:56:28,143.630,1836186
127678396,2024-09-23 18:23:20,buy,1.00,eurjpy,160.160,2024-09-23 18:39:33,160.139,1838436
127678435,2024-09-23 18:23:37,sell,1.00,xauusd,2629.80,2024-09-23 18:30:19,2630.94,1838948
127679287,2024-09-23 18:30:21,sell,1.00,xauusd,2631.39,2024-09-23 19:09:35,2629.51,1851071
127679460,2024-09-23 18:33:24,buy,1.00,xauusd,2631.51,2024-09-23 18:33:31,2631.28,1856586
127679495,2024-09-23 18:33:46,buy,1.00,xauusd,2630.78,2024-09-23 18:40:56,2629.99,1857230
127679812,2024-09-23 18:39:33,sell,1.00,usdjpy,143.782,2024-09-23 18:41:07,143.806,1867663
127679826,2024-09-23 18:39:42,buy,1.00,eurjpy,160.111,2024-09-23 18:45:44,160.073,1867898
127679972,2024-09-23 18:41:02,buy,1.00,xauusd,2630.18,2024-09-23 18:42:53,2630.36,1870298
127680000,2024-09-23 18:41:12,sell,1.00,usdjpy,143.826,2024-09-23 19:05:38,143.597,1870598
127680103,2024-09-23 18:44:10,buy,1.00,xauusd,2629.86,2024-09-23 19:01:24,2629.68,1875951
127680280,2024-09-23 18:45:48,buy,1.00,eurjpy,160.047,2024-09-23 18:48:39,159.978,1878910
127680520,2024-09-23 18:49:10,buy,1.00,eurjpy,159.948,2024-09-23 19:13:01,159.618,1884946
127680935,2024-09-23 18:56:35,buy,1.00,usdjpy,143.605,2024-09-23 19:02:24,143.539,1898286
127681649,2024-09-23 19:01:57,buy,1.00,xauusd,2629.19,2024-09-23 19:19:05,2628.52,1907968
127681691,2024-09-23 19:02:24,buy,1.00,usdjpy,143.514,2024-09-23 19:09:21,143.544,1908770
127681951,2024-09-23 19:05:50,sell,1.00,usdjpy,143.622,2024-09-23 19:26:43,143.381,1914967
127681972,2024-09-23 19:06:03,sell,1.00,eurjpy,159.768,2024-09-23 19:49:03,159.462,1915329
127682317,2024-09-23 19:10:02,sell,1.00,xauusd,2630.20,2024-09-23 19:16:36,2626.89,1922518
127682388,2024-09-23 19:10:45,buy,1.00,usdjpy,143.512,2024-09-23 19:13:01,143.504,1923817
127682580,2024-09-23 19:13:03,buy,1.00,eurjpy,159.592,2024-09-23 19:40:03,159.522,1927915
127682591,2024-09-23 19:13:04,buy,1.00,usdjpy,143.471,2024-09-23 19:15:25,143.520,1927977
127683073,2024-09-23 19:15:26,buy,1.00,usdjpy,143.497,2024-09-23 19:32:56,143.440,1932204
127683299,2024-09-23 19:16:44,sell,1.00,xauusd,2627.68,2024-09-23 19:21:33,2627.06,1934560
127683504,2024-09-23 19:19:22,buy,1.00,xauusd,2628.02,2024-09-23 19:20:14,2628.70,1939308
127683665,2024-09-23 19:20:43,buy,1.00,xauusd,2628.23,2024-09-23 19:27:41,2629.04,1941720
127683758,2024-09-23 19:21:48,sell,1.00,xauusd,2627.54,2024-09-23 19:36:00,2628.00,1943679
127684121,2024-09-23 19:26:53,sell,1.00,usdjpy,143.406,2024-09-23 19:49:03,143.362,1952834
127684172,2024-09-23 19:27:52,buy,1.00,xauusd,2628.54,2024-09-23 20:42:13,2628.93,1954603
127684749,2024-09-23 19:33:14,buy,1.00,usdjpy,143.412,2024-09-23 19:38:29,143.441,1964265
127684987,2024-09-23 19:36:35,sell,1.00,xauusd,2628.49,2024-09-23 19:53:19,2627.84,1970316
127685111,2024-09-23 19:38:29,buy,1.00,usdjpy,143.416,2024-09-23 19:40:03,143.405,1973736
127685184,2024-09-23 19:40:04,buy,1.00,usdjpy,143.384,2024-09-23 19:42:05,143.406,1976586
127685215,2024-09-23 19:40:46,buy,1.00,eurjpy,159.486,2024-09-23 20:08:09,159.410,1977832
127685312,2024-09-23 19:42:21,buy,1.00,usdjpy,143.387,2024-09-23 20:02:39,143.320,1980677
127685719,2024-09-23 19:49:32,sell,1.00,usdjpy,143.415,2024-09-23 20:52:35,143.348,1993603
127685720,2024-09-23 19:49:32,sell,1.00,eurjpy,159.508,2024-09-23 20:52:35,159.439,1993603
127685950,2024-09-23 19:54:29,sell,1.00,xauusd,2628.49,2024-09-23 20:02:39,2628.42,2002536
127686525,2024-09-23 20:04:07,buy,1.00,usdjpy,143.349,2024-09-23 20:08:09,143.318,2019878
127686653,2024-09-23 20:06:02,sell,1.00,xauusd,2628.02,2024-09-23 20:20:06,2627.40,2023287
127686758,2024-09-23 20:08:22,buy,1.00,usdjpy,143.293,2024-09-24 01:03:46,143.596,2027503
127686908,2024-09-23 20:11:17,buy,1.00,eurjpy,159.437,2024-09-23 20:19:55,159.494,2032784
127687373,2024-09-23 20:20:19,sell,1.00,xauusd,2627.88,2024-09-23 20:35:09,2627.02,2049015
127687454,2024-09-23 20:21:18,buy,1.00,eurjpy,159.466,2024-09-23 21:05:22,159.469,2050779
127688378,2024-09-23 20:35:51,sell,1.00,xauusd,2627.45,2024-09-23 21:05:12,2626.25,2076998
127688890,2024-09-23 20:42:14,buy,1.00,xauusd,2628.31,2024-09-23 21:57:22,2627.64,2088464
127689525,2024-09-23 20:53:01,sell,1.00,usdjpy,143.380,2024-09-24 01:02:20,143.592,2107898
127690001,2024-09-23 21:00:18,sell,1.00,eurjpy,159.488,2024-09-24 01:15:28,159.568,2120982
127690471,2024-09-23 21:07:20,sell,1.00,xauusd,2626.73,2024-09-24 03:02:20,2624.80,2133641
127691055,2024-09-23 21:15:24,buy,1.00,eurjpy,159.457,2024-09-24 01:23:52,159.622,2148179
127696736,2024-09-23 21:57:23,buy,1.00,xauusd,2627.17,2024-09-24 03:00:14,2625.77,2223720
127703668,2024-09-23 23:47:26,sell,1.00,usdcad,1.35349,2024-09-23 23:48:30,1.35360,2421813
127703734,2024-09-23 23:49:47,sell,1.00,usdcad,1.35388,2024-09-23 23:53:01,1.35338,2426046
127703896,2024-09-23 23:54:33,sell,1.00,usdcad,1.35395,2024-09-23 23:55:31,1.35409,2434629
127704015,2024-09-23 23:56:20,sell,1.00,usdcad,1.35377,2024-09-26 15:30:11,1.34715,2437825
127706266,2024-09-24 01:02:24,sell,1.00,usdjpy,143.613,2024-09-24 01:15:31,143.601,2556746
127706612,2024-09-24 01:10:31,buy,1.00,usdjpy,143.571,2024-09-24 01:29:12,143.594,2571356
127706873,2024-09-24 01:15:35,sell,1.00,eurjpy,159.595,2024-09-24 01:32:41,159.538,2580486
127706968,2024-09-24 01:17:21,sell,1.00,usdjpy,143.680,2024-09-24 02:35:31,143.668,2583643
127707466,2024-09-24 01:32:03,buy,1.00,usdjpy,143.569,2024-09-24 02:24:34,143.590,2610108
127707468,2024-09-24 01:32:03,buy,1.00,eurjpy,159.542,2024-09-24 02:24:34,159.513,2610134
127707535,2024-09-24 01:35:31,sell,1.00,eurjpy,159.586,2024-09-24 01:55:08,159.566,2616377
127707990,2024-09-24 01:58:54,sell,1.00,eurjpy,159.595,2024-09-24 02:35:31,159.610,2658464
127709558,2024-09-24 02:24:45,buy,1.00,usdjpy,143.565,2024-09-24 03:37:03,143.686,2704991
127709572,2024-09-24 02:25:00,buy,1.00,eurjpy,159.484,2024-09-24 03:27:01,159.599,2705415
127710362,2024-09-24 02:36:02,sell,1.00,usdjpy,143.692,2024-09-24 02:46:47,143.728,2725292
127710438,2024-09-24 02:37:20,sell,1.00,eurjpy,159.634,2024-09-24 02:41:16,159.624,2727649
127710732,2024-09-24 02:42:05,sell,1.00,eurjpy,159.653,2024-09-24 02:46:47,159.657,2736175
127711052,2024-09-24 02:46:49,sell,1.00,usdjpy,143.757,2024-09-24 03:09:26,143.472,2744690
127711089,2024-09-24 02:46:51,sell,1.00,eurjpy,159.683,2024-09-24 03:09:26,159.433,2744767
127712349,2024-09-24 03:00:19,buy,1.00,xauusd,2625.32,2024-09-24 04:30:03,2628.35,2769010
127712792,2024-09-24 03:02:39,sell,1.00,xauusd,2625.52,2024-09-24 06:15:53,2630.81,2773189
127713934,2024-09-24 03:09:57,sell,1.00,usdjpy,143.495,2024-09-24 03:30:53,143.701,2786359
127714069,2024-09-24 03:10:38,sell,1.00,eurjpy,159.462,2024-09-24 03:51:16,159.576,2787552
127716775,2024-09-24 03:27:29,buy,1.00,eurjpy,159.622,2024-09-24 03:37:03,159.576,2817930
127717314,2024-09-24 03:31:48,sell,1.00,usdjpy,143.723,2024-09-24 03:54:59,143.676,2825667
127717895,2024-09-24 03:37:05,buy,1.00,usdjpy,143.662,2024-09-24 03:59:55,143.560,2835186
127717911,2024-09-24 03:37:08,buy,1.00,eurjpy,159.546,2024-09-24 03:37:54,159.560,2835262
127718037,2024-09-24 03:38:16,buy,1.00,eurjpy,159.535,2024-09-24 04:12:55,159.745,2837322
127720335,2024-09-24 03:51:56,sell,1.00,eurjpy,159.546,2024-09-24 04:03:19,159.438,2861911
127720786,2024-09-24 03:55:34,sell,1.00,usdjpy,143.720,2024-09-24 04:05:04,143.625,2868470
127721290,2024-09-24 04:03:25,buy,1.00,usdjpy,143.590,2024-09-24 04:12:55,143.829,2882560
127721562,2024-09-24 04:03:49,sell,1.00,eurjpy,159.491,2024-09-24 04:05:04,159.530,2883294
127721875,2024-09-24 04:05:48,sell,1.00,usdjpy,143.647,2024-09-24 04:06:56,143.714,2886883
127722194,2024-09-24 04:07:09,sell,1.00,usdjpy,143.776,2024-09-24 04:09:18,143.795,2889292
127722231,2024-09-24 04:07:18,sell,1.00,eurjpy,159.690,2024-09-24 04:09:18,159.702,2889579
127722575,2024-09-24 04:09:19,sell,1.00,usdjpy,143.816,2024-09-24 04:15:53,143.790,2893215
127722603,2024-09-24 04:09:26,sell,1.00,eurjpy,159.732,2024-09-24 04:26:20,159.775,2893417
127723553,2024-09-24 04:13:21,buy,1.00,eurjpy,159.708,2024-09-24 04:27:45,159.810,2900456
127723555,2024-09-24 04:13:22,buy,1.00,usdjpy,143.782,2024-09-24 04:27:45,143.905,2900487
127724306,2024-09-24 04:15:57,sell,1.00,usdjpy,143.815,2024-09-24 04:31:09,143.827,2905117
127726168,2024-09-24 04:26:39,sell,1.00,eurjpy,159.803,2024-09-24 04:31:09,159.750,2924389
127726373,2024-09-24 04:27:51,buy,1.00,eurjpy,159.780,2024-09-24 04:34:19,159.677,2926536
127726514,2024-09-24 04:28:38,buy,1.00,usdjpy,143.869,2024-09-24 07:52:07,143.931,2927988
127726884,2024-09-24 04:30:05,buy,1.00,xauusd,2627.84,2024-09-24 08:59:38,2626.25,2930586
127727193,2024-09-24 04:31:28,sell,1.00,usdjpy,143.797,2024-09-24 04:50:11,143.581,2933058
127727219,2024-09-24 04:31:38,sell,1.00,eurjpy,159.722,2024-09-24 05:15:45,159.374,2933348
127728072,2024-09-24 04:34:57,buy,1.00,eurjpy,159.697,2024-09-24 06:17:36,159.527,2939316
127730829,2024-09-24 04:50:48,sell,1.00,usdjpy,143.605,2024-09-24 05:15:45,143.510,2967868
127734576,2024-09-24 05:15:46,sell,1.00,usdjpy,143.531,2024-09-24 08:00:00,143.843,3012803
127734585,2024-09-24 05:15:49,sell,1.00,eurjpy,159.404,2024-09-24 07:47:12,160.001,3012894
127740781,2024-09-24 06:15:57,sell,1.00,xauusd,2631.30,2024-09-24 06:47:36,2635.09,3121118
127741112,2024-09-24 06:18:14,buy,1.00,eurjpy,159.557,2024-09-24 07:52:07,159.996,3125234
127744577,2024-09-24 06:47:37,sell,1.00,xauusd,2635.55,2024-09-24 06:52:08,2634.52,3178109
127745073,2024-09-24 06:52:38,sell,1.00,xauusd,2635.01,2024-09-24 08:30:59,2639.50,3187170
127750309,2024-09-24 07:49:01,sell,1.00,eurjpy,159.982,2024-09-24 07:50:23,159.985,3288679
127750414,2024-09-24 07:50:34,sell,1.00,eurjpy,160.015,2024-09-24 07:55:11,159.942,3291469
127750581,2024-09-24 07:53:08,buy,1.00,usdjpy,143.880,2024-09-24 09:05:11,144.167,3296079
127750591,2024-09-24 07:53:12,buy,1.00,eurjpy,159.957,2024-09-24 08:33:18,160.199,3296198
127751007,2024-09-24 07:58:13,sell,1.00,eurjpy,159.909,2024-09-24 08:00:00,159.913,3305234
127751495,2024-09-24 08:00:22,sell,1.00,usdjpy,143.874,2024-09-24 08:30:59,144.028,3309082
127751537,2024-09-24 08:00:33,sell,1.00,eurjpy,159.951,2024-09-24 08:26:11,160.078,3309434
127751809,2024-09-24 08:02:53,sell,1.00,gbpusd,1.33654,2024-09-24 09:42:29,1.33377,3313623
127755015,2024-09-24 08:30:27,sell,1.00,eurjpy,160.154,2024-09-24 08:30:59,160.143,3363235
127755149,2024-09-24 08:31:02,sell,1.00,xauusd,2639.02,2024-09-24 08:36:59,2635.63,3364267
127755275,2024-09-24 08:32:09,sell,1.00,eurjpy,160.173,2024-09-24 08:54:54,160.229,3366277
127755309,2024-09-24 08:32:21,sell,1.00,usdjpy,144.053,2024-09-24 09:19:52,144.165,3366672
127755929,2024-09-24 08:37:00,buy,1.00,eurjpy,160.171,2024-09-24 08:41:10,160.180,3375036
127756073,2024-09-24 08:38:34,sell,1.00,xauusd,2635.54,2024-09-24 09:02:13,2626.77,3377843
127757316,2024-09-24 08:47:00,buy,1.00,eurjpy,160.198,2024-09-24 09:05:11,160.219,3393023
127758227,2024-09-24 08:55:02,sell,1.00,eurjpy,160.258,2024-09-24 09:00:53,160.167,3407467
127759310,2024-09-24 08:59:40,buy,1.00,xauusd,2625.74,2024-09-24 09:00:08,2625.01,3415794
127759814,2024-09-24 09:00:12,buy,1.00,xauusd,2625.45,2024-09-24 09:01:48,2627.84,3416766
127760007,2024-09-24 09:01:01,sell,1.00,eurjpy,160.195,2024-09-24 09:19:52,160.141,3418267
127760192,2024-09-24 09:02:08,buy,1.00,xauusd,2628.28,2024-09-24 09:02:08,2628.09,3420248
127760207,2024-09-24 09:02:09,buy,1.00,xauusd,2627.47,2024-09-24 09:05:09,2626.79,3420283
127760250,2024-09-24 09:02:16,sell,1.00,xauusd,2627.51,2024-09-24 09:02:59,2626.68,3420486
127760404,2024-09-24 09:03:01,sell,1.00,xauusd,2627.28,2024-09-24 09:08:06,2627.81,3421840
127760682,2024-09-24 09:05:10,buy,1.00,xauusd,2626.20,2024-09-24 09:06:21,2627.75,3425719
127760816,2024-09-24 09:05:47,buy,1.00,usdjpy,144.187,2024-09-24 09:31:31,144.321,3426847
127760817,2024-09-24 09:05:48,buy,1.00,eurjpy,160.252,2024-09-24 09:18:26,160.169,3426854
127760938,2024-09-24 09:06:42,buy,1.00,xauusd,2628.16,2024-09-24 09:09:28,2627.62,3428482
127761126,2024-09-24 09:08:07,sell,1.00,xauusd,2628.53,2024-09-24 09:23:01,2628.18,3431014
127761343,2024-09-24 09:09:51,buy,1.00,xauusd,2627.19,2024-09-24 09:37:48,2625.50,3434151
127762531,2024-09-24 09:19:12,buy,1.00,eurjpy,160.138,2024-09-24 09:31:31,160.272,3450967
127762637,2024-09-24 09:20:04,sell,1.00,usdjpy,144.185,2024-09-24 10:04:07,144.504,3452560
127762809,2024-09-24 09:22:06,sell,1.00,eurjpy,160.110,2024-09-24 09:25:59,160.170,3456211
127762907,2024-09-24 09:23:13,sell,1.00,xauusd,2628.62,2024-09-24 09:47:49,2627.74,3458203
127763563,2024-09-24 09:29:43,sell,1.00,eurjpy,160.196,2024-09-24 09:36:51,160.384,3469923
127764108,2024-09-24 09:31:34,buy,1.00,usdjpy,144.297,2024-09-24 10:44:48,144.407,3473238
127764182,2024-09-24 09:32:10,buy,1.00,eurjpy,160.302,2024-09-24 10:22:07,160.857,3474340
127764958,2024-09-24 09:37:55,buy,1.00,xauusd,2625.03,2024-09-24 12:29:55,2628.65,3484691
127764992,2024-09-24 09:38:04,sell,1.00,eurjpy,160.350,2024-09-24 10:04:08,160.702,3484929
127765715,2024-09-24 09:45:01,sell,1.00,gbpusd,1.33406,2024-09-24 09:53:56,1.33634,3497460
127765974,2024-09-24 09:47:54,sell,1.00,xauusd,2628.26,2024-09-24 10:05:24,2627.67,3502629
127766871,2024-09-24 09:55:17,sell,1.00,gbpusd,1.33604,2024-09-24 15:41:36,1.33868,3515932
127768480,2024-09-24 10:04:11,sell,1.00,usdjpy,144.588,2024-09-24 10:04:50,144.579,3531967
127768488,2024-09-24 10:04:13,sell,1.00,eurjpy,160.675,2024-09-24 10:18:42,160.876,3532037
127768637,2024-09-24 10:05:00,sell,1.00,usdjpy,144.604,2024-09-24 11:40:23,144.405,3533441
127768743,2024-09-24 10:05:35,sell,1.00,xauusd,2627.41,2024-09-24 10:18:23,2629.12,3534486
127770606,2024-09-24 10:18:59,sell,1.00,eurjpy,160.904,2024-09-24 11:40:23,160.885,3558610
127770763,2024-09-24 10:20:21,sell,1.00,xauusd,2628.72,2024-09-24 10:21:44,2629.05,3561049
127770921,2024-09-24 10:22:09,buy,1.00,eurjpy,160.814,2024-09-24 10:37:19,160.652,3564304
127771075,2024-09-24 10:23:15,sell,1.00,xauusd,2629.54,2024-09-24 10:40:31,2623.51,3566260
127773493,2024-09-24 10:38:25,buy,1.00,eurjpy,160.683,2024-09-24 10:44:48,160.666,3593565
127773961,2024-09-24 10:40:32,sell,1.00,xauusd,2623.99,2024-09-24 10:43:51,2624.41,3597390
127774546,2024-09-24 10:43:58,sell,1.00,xauusd,2624.94,2024-09-24 10:47:41,2627.41,3603555
127774767,2024-09-24 10:45:00,buy,1.00,eurjpy,160.637,2024-09-24 11:46:11,160.819,3605410
127774991,2024-09-24 10:45:09,buy,1.00,usdjpy,144.365,2024-09-24 11:46:11,144.304,3605679
127775461,2024-09-24 10:47:46,sell,1.00,xauusd,2627.84,2024-09-24 12:10:51,2629.22,3610386
127783426,2024-09-24 11:40:28,sell,1.00,usdjpy,144.420,2024-09-24 12:05:26,144.244,3705248
127783443,2024-09-24 11:40:36,sell,1.00,eurjpy,160.871,2024-09-24 12:08:34,160.711,3705491
127784454,2024-09-24 11:48:12,buy,1.00,eurjpy,160.789,2024-09-24 11:53:25,160.740,3719167
127784474,2024-09-24 11:48:21,buy,1.00,usdjpy,144.279,2024-09-24 12:05:44,144.264,3719441
127784967,2024-09-24 11:53:28,buy,1.00,eurjpy,160.710,2024-09-24 11:56:30,160.744,3728665
127785212,2024-09-24 11:56:35,buy,1.00,eurjpy,160.714,2024-09-24 11:57:05,160.732,3734277
127785928,2024-09-24 12:01:04,buy,1.00,eurjpy,160.762,2024-09-24 12:04:53,160.798,3742344
127786317,2024-09-24 12:05:11,buy,1.00,eurjpy,160.758,2024-09-24 12:05:44,160.754,3749772
127786363,2024-09-24 12:05:32,sell,1.00,usdjpy,144.280,2024-09-24 12:09:44,144.275,3750367
127786386,2024-09-24 12:05:48,buy,1.00,eurjpy,160.724,2024-09-24 12:30:33,160.919,3750848
127786513,2024-09-24 12:07:51,buy,1.00,usdjpy,144.292,2024-09-24 13:27:41,144.159,3754545
127786641,2024-09-24 12:10:03,sell,1.00,eurjpy,160.731,2024-09-24 12:17:25,160.780,3758513
127786705,2024-09-24 12:11:09,sell,1.00,xauusd,2629.57,2024-09-24 12:11:19,2629.40,3760489
127786825,2024-09-24 12:12:38,sell,1.00,xauusd,2628.97,2024-09-24 12:14:08,2629.50,3763168
127786857,2024-09-24 12:12:58,sell,1.00,usdjpy,144.301,2024-09-24 12:17:25,144.299,3763758
127786976,2024-09-24 12:14:51,sell,1.00,xauusd,2628.88,2024-09-24 12:19:13,2628.15,3767145
127787429,2024-09-24 12:17:31,sell,1.00,eurjpy,160.810,2024-09-24 13:17:16,160.561,3771967
127787468,2024-09-24 12:18:04,sell,1.00,usdjpy,144.328,2024-09-24 12:37:46,144.401,3772954
127787662,2024-09-24 12:19:30,sell,1.00,xauusd,2628.59,2024-09-24 12:54:31,2630.55,3775520
127789335,2024-09-24 12:30:09,buy,1.00,xauusd,2628.12,2024-09-24 13:23:30,2634.33,3794684
127789436,2024-09-24 12:31:14,buy,1.00,eurjpy,160.949,2024-09-24 13:11:22,160.732,3796633
127790401,2024-09-24 12:39:00,sell,1.00,usdjpy,144.373,2024-09-24 13:42:13,144.022,3810613
127792590,2024-09-24 12:55:06,sell,1.00,xauusd,2630.10,2024-09-24 13:31:04,2634.40,3839586
127794964,2024-09-24 13:12:25,buy,1.00,eurjpy,160.696,2024-09-24 13:27:41,160.522,3870786
127795670,2024-09-24 13:17:49,sell,1.00,eurjpy,160.591,2024-09-24 13:22:05,160.579,3880473
127796291,2024-09-24 13:23:12,sell,1.00,eurjpy,160.544,2024-09-24 13:42:13,160.316,3890188
127796493,2024-09-24 13:24:12,buy,1.00,xauusd,2633.83,2024-09-24 13:53:42,2633.86,3891971
127796933,2024-09-24 13:27:41,buy,1.00,eurjpy,160.497,2024-09-24 13:34:13,160.491,3898257
127796995,2024-09-24 13:28:07,buy,1.00,usdjpy,144.138,2024-09-24 13:34:13,144.129,3899006
127797733,2024-09-24 13:32:20,sell,1.00,xauusd,2634.95,2024-09-24 13:43:12,2635.91,3906610
127798024,2024-09-24 13:34:49,buy,1.00,usdjpy,144.076,2024-09-24 13:38:34,144.065,3911078
127798025,2024-09-24 13:34:49,buy,1.00,eurjpy,160.438,2024-09-24 13:38:33,160.347,3911105
127798463,2024-09-24 13:38:34,buy,1.00,eurjpy,160.314,2024-09-24 13:53:48,160.157,3917838
127798720,2024-09-24 13:40:25,buy,1.00,usdjpy,143.987,2024-09-24 13:46:05,143.983,3921137
127798863,2024-09-24 13:42:15,sell,1.00,usdjpy,143.992,2024-09-24 13:50:55,143.969,3924457
127799032,2024-09-24 13:43:22,sell,1.00,eurjpy,160.286,2024-09-24 13:50:55,160.224,3926472
127799062,2024-09-24 13:43:34,sell,1.00,xauusd,2635.49,2024-09-24 13:57:15,2634.21,3926834
127799564,2024-09-24 13:46:56,buy,1.00,usdjpy,143.939,2024-09-24 13:53:48,143.929,3932901
127800213,2024-09-24 13:51:08,sell,1.00,usdjpy,143.931,2024-09-24 16:01:11,144.060,3940453
127800216,2024-09-24 13:51:09,sell,1.00,eurjpy,160.193,2024-09-24 14:20:30,160.216,3940477
127800571,2024-09-24 13:54:02,buy,1.00,eurjpy,160.127,2024-09-24 14:02:20,160.137,3945646
127800588,2024-09-24 13:54:10,buy,1.00,usdjpy,143.901,2024-09-24 14:27:12,144.009,3945910
127800716,2024-09-24 13:55:12,buy,1.00,xauusd,2634.28,2024-09-24 13:58:03,2633.57,3947760
127800919,2024-09-24 13:57:31,sell,1.00,xauusd,2634.39,2024-09-24 14:01:02,2632.65,3951946
127801461,2024-09-24 14:00:09,buy,1.00,xauusd,2633.08,2024-09-24 14:04:42,2632.60,3956673
127801623,2024-09-24 14:01:03,sell,1.00,xauusd,2633.14,2024-09-24 14:02:52,2632.81,3958296
127801872,2024-09-24 14:02:32,buy,1.00,eurjpy,160.109,2024-09-24 14:46:19,160.315,3960972
127801977,2024-09-24 14:03:09,sell,1.00,xauusd,2632.40,2024-09-24 14:07:50,2630.11,3962089
127802298,2024-09-24 14:04:53,buy,1.00,xauusd,2632.01,2024-09-24 14:05:39,2631.74,3965203
127802717,2024-09-24 14:06:16,buy,1.00,xauusd,2631.22,2024-09-24 14:09:03,2629.82,3967691
127803022,2024-09-24 14:07:54,sell,1.00,xauusd,2629.97,2024-09-24 14:09:51,2630.04,3970637
127803332,2024-09-24 14:09:08,buy,1.00,xauusd,2629.11,2024-09-24 14:15:45,2632.46,3972879
127803621,2024-09-24 14:10:10,sell,1.00,xauusd,2631.11,2024-09-24 14:10:12,2631.28,3974720
127803765,2024-09-24 14:10:58,sell,1.00,xauusd,2631.11,2024-09-24 14:12:33,2631.04,3976144
127804337,2024-09-24 14:12:36,sell,1.00,xauusd,2631.60,2024-09-24 14:18:40,2631.35,3979101
127805316,2024-09-24 14:16:01,buy,1.00,xauusd,2632.01,2024-09-24 14:45:27,2624.64,3985246
127805657,2024-09-24 14:18:52,sell,1.00,xauusd,2632.43,2024-09-24 14:22:33,2632.07,3990372
127805927,2024-09-24 14:20:55,sell,1.00,eurjpy,160.246,2024-09-24 14:38:42,160.312,3994075
127806137,2024-09-24 14:22:50,sell,1.00,xauusd,2631.48,2024-09-24 14:30:01,2630.69,3997520
127806731,2024-09-24 14:27:33,buy,1.00,usdjpy,143.984,2024-09-24 14:51:20,144.064,4005982
127807121,2024-09-24 14:30:03,sell,1.00,xauusd,2631.29,2024-09-24 14:38:40,2626.06,4010487
127808602,2024-09-24 14:38:41,sell,1.00,xauusd,2626.43,2024-09-24 14:42:34,2625.65,4026055
127809038,2024-09-24 14:41:23,sell,1.00,eurjpy,160.353,2024-09-24 16:15:52,160.513,4030901
127809330,2024-09-24 14:43:40,sell,1.00,xauusd,2625.24,2024-09-24 14:47:31,2625.21,4035011
127809822,2024-09-24 14:45:34,buy,1.00,xauusd,2623.74,2024-09-24 14:51:15,2627.63,4038429
127810043,2024-09-24 14:47:21,buy,1.00,eurjpy,160.286,2024-09-24 14:51:20,160.315,4041655
127810103,2024-09-24 14:47:35,sell,1.00,xauusd,2625.84,2024-09-24 14:47:42,2625.52,4042048
127810145,2024-09-24 14:47:43,sell,1.00,xauusd,2625.98,2024-09-24 14:52:43,2627.08,4042297
127810595,2024-09-24 14:51:22,buy,1.00,xauusd,2627.31,2024-09-24 14:51:37,2628.02,4048867
127810608,2024-09-24 14:51:27,buy,1.00,usdjpy,144.039,2024-09-24 15:16:59,143.892,4049017
127810659,2024-09-24 14:51:42,buy,1.00,xauusd,2627.57,2024-09-24 14:51:45,2627.70,4049467
127810681,2024-09-24 14:51:48,buy,1.00,xauusd,2627.27,2024-09-24 14:56:22,2626.73,4049669
127810741,2024-09-24 14:52:09,buy,1.00,eurjpy,160.285,2024-09-24 15:52:35,160.411,4050263
127810838,2024-09-24 14:52:46,sell,1.00,xauusd,2627.89,2024-09-24 15:09:51,2624.37,4051386
127811354,2024-09-24 14:56:47,buy,1.00,xauusd,2625.91,2024-09-24 15:10:09,2625.92,4058637
127813728,2024-09-24 15:09:53,sell,1.00,xauusd,2624.94,2024-09-24 15:09:59,2625.19,4082200
127813768,2024-09-24 15:10:00,sell,1.00,xauusd,2625.69,2024-09-24 15:22:18,2626.33,4082393
127813901,2024-09-24 15:10:10,buy,1.00,xauusd,2625.36,2024-09-24 15:10:17,2625.75,4082715
127813928,2024-09-24 15:10:18,buy,1.00,xauusd,2625.01,2024-09-24 15:21:00,2625.20,4082931
127815368,2024-09-24 15:17:41,buy,1.00,usdjpy,143.867,2024-09-24 15:34:11,144.028,4096240
127815958,2024-09-24 15:21:04,buy,1.00,xauusd,2625.77,2024-09-24 15:25:06,2627.59,4102329
127816123,2024-09-24 15:22:34,sell,1.00,xauusd,2627.01,2024-09-24 15:24:20,2626.31,4105039
127816693,2024-09-24 15:24:43,sell,1.00,xauusd,2626.80,2024-09-24 15:24:55,2626.76,4108903
127816820,2024-09-24 15:25:01,sell,1.00,xauusd,2627.43,2024-09-24 15:36:10,2629.10,4109454
127816927,2024-09-24 15:25:32,buy,1.00,xauusd,2627.52,2024-09-24 15:47:34,2626.84,4110357
127819304,2024-09-24 15:34:23,buy,1.00,usdjpy,143.995,2024-09-24 15:46:28,143.938,4126303
127819935,2024-09-24 15:36:12,sell,1.00,xauusd,2629.51,2024-09-24 15:38:16,2627.13,4129567
127821241,2024-09-24 15:39:55,sell,1.00,xauusd,2628.02,2024-09-24 15:45:23,2627.78,4136252
127822417,2024-09-24 15:45:43,sell,1.00,xauusd,2628.27,2024-09-24 16:10:30,2636.00,4146706
127822606,2024-09-24 15:47:07,sell,1.00,gbpusd,1.33837,2024-09-24 17:00:01,1.33794,4149217
127822622,2024-09-24 15:47:11,buy,1.00,usdjpy,143.974,2024-09-24 16:00:08,143.962,4149367
127822791,2024-09-24 15:48:38,buy,1.00,xauusd,2627.26,2024-09-24 16:00:37,2633.27,4151953
127823761,2024-09-24 15:52:43,buy,1.00,eurjpy,160.373,2024-09-24 16:00:09,160.351,4159298
127825713,2024-09-24 16:00:10,buy,1.00,usdjpy,143.927,2024-09-24 16:02:27,144.065,4172694
127825840,2024-09-24 16:00:29,buy,1.00,eurjpy,160.378,2024-09-24 16:21:57,160.483,4173289
127825926,2024-09-24 16:00:39,buy,1.00,xauusd,2632.83,2024-09-24 16:01:29,2632.40,4173593
127826277,2024-09-24 16:01:33,buy,1.00,xauusd,2632.04,2024-09-24 16:03:16,2633.06,4175222
127826529,2024-09-24 16:02:11,sell,1.00,usdjpy,144.083,2024-09-24 16:30:12,143.942,4176336
127826681,2024-09-24 16:02:44,buy,1.00,usdjpy,144.009,2024-09-24 16:09:06,143.995,4177339
127826875,2024-09-24 16:03:35,buy,1.00,xauusd,2633.48,2024-09-24 16:05:18,2635.05,4178865
127827538,2024-09-24 16:05:31,buy,1.00,xauusd,2634.54,2024-09-24 16:08:20,2635.94,4182334
127828260,2024-09-24 16:08:22,buy,1.00,xauusd,2635.51,2024-09-24 16:13:40,2633.96,4187476
127828633,2024-09-24 16:09:18,buy,1.00,usdjpy,144.015,2024-09-24 16:12:16,144.097,4189153
127829260,2024-09-24 16:11:24,sell,1.00,xauusd,2636.50,2024-09-24 16:43:59,2634.11,4192912
127829499,2024-09-24 16:12:18,buy,1.00,usdjpy,144.074,2024-09-24 16:15:20,144.120,4194554
127829825,2024-09-24 16:13:46,buy,1.00,xauusd,2633.56,2024-09-24 16:13:57,2633.52,4197186
127829893,2024-09-24 16:14:10,buy,1.00,xauusd,2633.02,2024-09-24 16:14:28,2632.83,4197884
127830642,2024-09-24 16:15:30,buy,1.00,xauusd,2633.38,2024-09-24 16:24:49,2637.04,4200310
127830699,2024-09-24 16:15:49,buy,1.00,usdjpy,144.092,2024-09-24 16:16:06,144.110,4200879
127830842,2024-09-24 16:16:49,sell,1.00,eurjpy,160.543,2024-09-24 16:30:12,160.392,4202683
127830855,2024-09-24 16:16:53,buy,1.00,usdjpy,144.140,2024-09-24 16:21:57,144.078,4202798
127831962,2024-09-24 16:22:00,buy,1.00,usdjpy,144.054,2024-09-24 16:23:31,144.039,4212026
127831997,2024-09-24 16:22:14,buy,1.00,eurjpy,160.457,2024-09-24 16:23:31,160.447,4212434
127832338,2024-09-24 16:23:33,buy,1.00,usdjpy,144.021,2024-09-24 16:25:59,143.999,4214794
127832537,2024-09-24 16:24:22,buy,1.00,eurjpy,160.417,2024-09-24 16:32:10,160.403,4216250
127832815,2024-09-24 16:25:02,buy,1.00,xauusd,2636.57,2024-09-24 16:30:12,2634.64,4217472
127833194,2024-09-24 16:26:48,buy,1.00,usdjpy,143.932,2024-09-24 16:32:10,144.003,4220631
127834832,2024-09-24 16:30:18,buy,1.00,xauusd,2633.41,2024-09-24 16:31:03,2632.99,4226948
127834896,2024-09-24 16:30:23,sell,1.00,eurjpy,160.422,2024-09-24 16:35:16,160.457,4227098
127834993,2024-09-24 16:30:30,sell,1.00,usdjpy,144.033,2024-09-24 16:35:16,144.072,4227310
127835521,2024-09-24 16:31:09,buy,1.00,xauusd,2632.49,2024-09-24 16:32:09,2634.30,4228479
127835856,2024-09-24 16:32:11,buy,1.00,usdjpy,143.980,2024-09-24 16:53:23,144.161,4230336
127835913,2024-09-24 16:32:20,buy,1.00,xauusd,2633.83,2024-09-24 16:37:04,2634.93,4230610
127835922,2024-09-24 16:32:21,buy,1.00,eurjpy,160.360,2024-09-24 16:37:29,160.488,4230636
127836884,2024-09-24 16:35:19,sell,1.00,usdjpy,144.090,2024-09-24 16:38:23,144.111,4235994
127837131,2024-09-24 16:36:00,sell,1.00,eurjpy,160.427,2024-09-24 17:00:16,160.326,4237225
127837704,2024-09-24 16:37:07,buy,1.00,xauusd,2634.11,2024-09-24 16:38:24,2634.53,4239217
127838186,2024-09-24 16:38:23,buy,1.00,eurjpy,160.521,2024-09-24 16:53:23,160.524,4241510
127838226,2024-09-24 16:38:26,buy,1.00,xauusd,2634.06,2024-09-24 16:38:43,2634.62,4241586
127838364,2024-09-24 16:38:37,sell,1.00,usdjpy,144.098,2024-09-24 17:00:05,143.940,4241922
127838444,2024-09-24 16:38:44,buy,1.00,xauusd,2634.23,2024-09-24 16:40:01,2634.06,4242123
127839358,2024-09-24 16:40:06,buy,1.00,xauusd,2634.53,2024-09-24 16:40:11,2634.00,4244591
127839463,2024-09-24 16:40:26,buy,1.00,xauusd,2634.43,2024-09-24 16:41:09,2634.99,4245197
127839789,2024-09-24 16:41:23,buy,1.00,xauusd,2634.49,2024-09-24 16:41:25,2634.56,4246912
127839850,2024-09-24 16:41:30,buy,1.00,xauusd,2634.09,2024-09-24 16:42:07,2634.59,4247107
127840208,2024-09-24 16:42:35,buy,1.00,xauusd,2633.57,2024-09-24 16:44:15,2634.72,4249071
127840622,2024-09-24 16:44:00,sell,1.00,xauusd,2634.48,2024-09-24 16:55:23,2636.38,4251598
127840731,2024-09-24 16:44:16,buy,1.00,xauusd,2633.95,2024-09-24 16:45:01,2634.90,4252086
127841100,2024-09-24 16:45:09,buy,1.00,xauusd,2634.01,2024-09-24 16:45:31,2633.99,4253690
127841836,2024-09-24 16:46:53,buy,1.00,xauusd,2634.53,2024-09-24 16:48:32,2634.42,4256798
127842383,2024-09-24 16:48:36,buy,1.00,xauusd,2633.39,2024-09-24 16:50:05,2632.86,4259899
127843010,2024-09-24 16:50:25,buy,1.00,xauusd,2633.30,2024-09-24 16:51:00,2633.42,4263165
127843597,2024-09-24 16:51:50,buy,1.00,xauusd,2633.67,2024-09-24 16:52:49,2635.24,4265719
127844151,2024-09-24 16:53:08,buy,1.00,xauusd,2635.63,2024-09-24 17:00:05,2638.28,4268032
127844383,2024-09-24 16:53:55,buy,1.00,usdjpy,144.195,2024-09-24 17:00:01,144.050,4269454
127844446,2024-09-24 16:54:14,buy,1.00,eurjpy,160.496,2024-09-24 17:00:03,160.411,4270008
127845007,2024-09-24 16:56:09,sell,1.00,xauusd,2635.89,2024-09-24 17:00:03,2637.71,4273473
127846350,2024-09-24 17:00:05,sell,1.00,xauusd,2638.28,2024-09-24 17:01:16,2636.59,4280539
127846368,2024-09-24 17:00:05,buy,1.00,usdjpy,143.940,2024-09-24 17:00:17,143.901,4280569
127846375,2024-09-24 17:00:05,sell,1.00,eurusd,1.11423,2024-09-25 15:30:24,1.11994,4280569
127846376,2024-09-24 17:00:05,buy,1.00,eurjpy,160.380,2024-09-24 17:09:32,160.126,4280579
127846414,2024-09-24 17:00:06,sell,1.00,usdjpy,143.948,2024-09-24 17:00:08,143.905,4280586
127846433,2024-09-24 17:00:06,buy,1.00,xauusd,2637.66,2024-09-24 17:01:05,2635.99,4280611
127846481,2024-09-24 17:00:09,sell,1.00,gbpusd,1.33827,2024-09-25 15:30:26,1.33860,4280680
127846542,2024-09-24 17:00:12,sell,1.00,usdjpy,143.868,2024-09-24 17:00:16,143.908,4280767
127846633,2024-09-24 17:00:16,sell,1.00,usdjpy,143.916,2024-09-24 17:00:35,143.722,4280891
127846646,2024-09-24 17:00:17,sell,1.00,eurjpy,160.345,2024-09-24 17:00:32,160.190,4280916
127846731,2024-09-24 17:00:22,buy,1.00,usdjpy,143.878,2024-09-24 17:00:24,143.872,4281067
127846778,2024-09-24 17:00:25,buy,1.00,usdjpy,143.849,2024-09-24 17:00:31,143.799,4281134
127846890,2024-09-24 17:00:32,buy,1.00,usdjpy,143.787,2024-09-24 17:01:05,143.829,4281361
127846904,2024-09-24 17:00:34,sell,1.00,eurjpy,160.175,2024-09-24 17:00:37,160.177,4281406
127846951,2024-09-24 17:00:36,sell,1.00,usdjpy,143.731,2024-09-24 17:00:37,143.751,4281486
127847081,2024-09-24 17:00:48,sell,1.00,eurjpy,160.234,2024-09-24 17:13:52,160.232,4281853
127847082,2024-09-24 17:00:48,sell,1.00,usdjpy,143.787,2024-09-24 17:00:49,143.795,4281853
127847098,2024-09-24 17:00:50,sell,1.00,usdjpy,143.819,2024-09-24 17:25:06,143.497,4281908
127847335,2024-09-24 17:01:06,buy,1.00,xauusd,2636.45,2024-09-24 17:03:54,2635.58,4282386
127847356,2024-09-24 17:01:07,buy,1.00,usdjpy,143.813,2024-09-24 17:01:24,143.779,4282401
127847448,2024-09-24 17:01:17,sell,1.00,xauusd,2637.07,2024-09-24 17:02:34,2637.14,4282723
127847582,2024-09-24 17:01:36,buy,1.00,usdjpy,143.811,2024-09-24 17:02:00,143.847,4283296
127847760,2024-09-24 17:02:02,buy,1.00,usdjpy,143.826,2024-09-24 17:02:34,143.794,4284058
127847947,2024-09-24 17:02:34,sell,1.00,xauusd,2637.49,2024-09-24 17:06:12,2636.56,4285036
127847964,2024-09-24 17:02:37,buy,1.00,usdjpy,143.770,2024-09-24 17:02:40,143.776,4285117
127848050,2024-09-24 17:02:58,buy,1.00,usdjpy,143.749,2024-09-24 17:09:26,143.592,4285753
127848954,2024-09-24 17:04:04,buy,1.00,xauusd,2635.11,2024-09-24 17:08:27,2638.44,4287703
127849887,2024-09-24 17:06:39,sell,1.00,xauusd,2637.02,2024-09-24 17:09:00,2636.88,4292363
127851081,2024-09-24 17:08:42,buy,1.00,xauusd,2637.33,2024-09-24 17:16:09,2638.21,4296077
127851785,2024-09-24 17:09:32,buy,1.00,usdjpy,143.558,2024-09-24 17:09:32,143.555,4297567
127851839,2024-09-24 17:09:35,sell,1.00,xauusd,2637.55,2024-09-24 17:19:41,2637.68,4297643
127852144,2024-09-24 17:10:00,buy,1.00,eurjpy,160.156,2024-09-24 17:15:43,160.217,4298415
127852201,2024-09-24 17:10:01,buy,1.00,usdjpy,143.585,2024-09-24 17:15:43,143.611,4298436
127854308,2024-09-24 17:14:11,sell,1.00,eurjpy,160.265,2024-09-24 17:16:38,160.147,4305920
127855274,2024-09-24 17:15:52,buy,1.00,eurjpy,160.133,2024-09-24 17:17:22,160.147,4308941
127855276,2024-09-24 17:15:52,buy,1.00,usdjpy,143.518,2024-09-24 17:17:22,143.537,4308973
127855582,2024-09-24 17:16:48,sell,1.00,eurjpy,160.114,2024-09-24 17:25:06,160.140,4310653
127855692,2024-09-24 17:16:59,buy,1.00,xauusd,2637.45,2024-09-24 17:17:31,2638.47,4310984
127855876,2024-09-24 17:17:36,buy,1.00,eurjpy,160.170,2024-09-24 17:21:20,160.138,4312076
127855893,2024-09-24 17:17:41,buy,1.00,xauusd,2637.93,2024-09-24 17:22:22,2638.11,4312236
127856058,2024-09-24 17:18:12,buy,1.00,usdjpy,143.512,2024-09-24 17:21:00,143.551,4313192
127856797,2024-09-24 17:19:42,sell,1.00,xauusd,2638.22,2024-09-24 17:25:06,2637.12,4315861
127857779,2024-09-24 17:21:08,buy,1.00,usdjpy,143.510,2024-09-24 17:26:12,143.521,4318448
127857872,2024-09-24 17:21:35,buy,1.00,eurjpy,160.168,2024-09-24 17:21:54,160.152,4319234
127858171,2024-09-24 17:22:33,buy,1.00,xauusd,2637.64,2024-09-24 17:23:05,2636.67,4321003
127858517,2024-09-24 17:23:10,buy,1.00,eurjpy,160.070,2024-09-24 17:26:12,160.173,4322106
127858552,2024-09-24 17:23:13,buy,1.00,xauusd,2635.86,2024-09-24 17:23:23,2636.74,4322198
127858757,2024-09-24 17:23:36,buy,1.00,xauusd,2636.13,2024-09-24 17:35:52,2639.00,4322886
127859369,2024-09-24 17:25:07,sell,1.00,xauusd,2637.67,2024-09-24 17:37:50,2637.57,4325609
127859379,2024-09-24 17:25:07,sell,1.00,eurjpy,160.168,2024-09-24 17:34:28,160.195,4325636
127859411,2024-09-24 17:25:10,sell,1.00,usdjpy,143.515,2024-09-24 17:29:54,143.480,4325708
127859673,2024-09-24 17:26:15,buy,1.00,eurjpy,160.143,2024-09-24 17:32:14,160.199,4327679
127859699,2024-09-24 17:26:20,buy,1.00,usdjpy,143.469,2024-09-24 17:28:18,143.501,4327811
127860613,2024-09-24 17:28:45,buy,1.00,usdjpy,143.463,2024-09-24 17:32:14,143.565,4332151
127861484,2024-09-24 17:30:10,sell,1.00,usdjpy,143.519,2024-09-24 17:51:30,143.665,4334689
127862505,2024-09-24 17:32:16,buy,1.00,usdjpy,143.544,2024-09-24 17:33:46,143.611,4338486
127862725,2024-09-24 17:33:03,buy,1.00,eurjpy,160.173,2024-09-24 17:33:46,160.228,4339907
127863009,2024-09-24 17:33:59,buy,1.00,usdjpy,143.629,2024-09-24 17:34:20,143.608,4341597
127863146,2024-09-24 17:34:12,buy,1.00,eurjpy,160.194,2024-09-24 17:39:26,160.066,4341972
127863357,2024-09-24 17:34:30,buy,1.00,usdjpy,143.627,2024-09-24 17:44:19,143.561,4342506
127863573,2024-09-24 17:34:51,sell,1.00,eurjpy,160.165,2024-09-24 17:57:07,160.131,4343120
127864189,2024-09-24 17:35:53,buy,1.00,xauusd,2638.29,2024-09-24 17:37:17,2637.05,4344968
127865324,2024-09-24 17:37:42,buy,1.00,xauusd,2637.51,2024-09-24 17:40:01,2639.02,4348262
127865426,2024-09-24 17:37:58,sell,1.00,xauusd,2638.41,2024-09-24 17:44:14,2640.16,4348748
127866287,2024-09-24 17:40:02,buy,1.00,xauusd,2638.53,2024-09-24 17:40:10,2638.97,4352460
127866322,2024-09-24 17:40:10,buy,1.00,xauusd,2638.74,2024-09-24 17:44:21,2643.13,4352718
127867132,2024-09-24 17:41:36,buy,1.00,eurjpy,160.038,2024-09-24 17:46:36,160.109,4355278
127868858,2024-09-24 17:44:20,sell,1.00,xauusd,2642.73,2024-09-24 17:55:08,2645.78,4360205
127868940,2024-09-24 17:44:23,buy,1.00,xauusd,2642.02,2024-09-24 17:44:29,2642.04,4360301
127868989,2024-09-24 17:44:26,buy,1.00,usdjpy,143.540,2024-09-24 17:52:00,143.693,4360386
127869154,2024-09-24 17:44:49,buy,1.00,xauusd,2641.48,2024-09-24 17:44:50,2641.61,4361063
127869218,2024-09-24 17:44:55,buy,1.00,xauusd,2640.95,2024-09-24 17:44:58,2640.90,4361243
127869257,2024-09-24 17:44:58,buy,1.00,xauusd,2640.58,2024-09-24 17:45:03,2640.29,4361350
127869556,2024-09-24 17:45:05,buy,1.00,xauusd,2639.76,2024-09-24 17:45:18,2640.88,4361543
127869885,2024-09-24 17:45:31,buy,1.00,xauusd,2640.35,2024-09-24 17:45:36,2640.21,4362332
127870050,2024-09-24 17:45:44,buy,1.00,xauusd,2639.74,2024-09-24 17:45:52,2639.56,4362720
127870119,2024-09-24 17:45:58,buy,1.00,xauusd,2639.96,2024-09-24 17:46:58,2641.58,4363161
127870908,2024-09-24 17:47:09,buy,1.00,xauusd,2641.13,2024-09-24 17:48:57,2642.95,4365270
127871608,2024-09-24 17:48:51,buy,1.00,eurjpy,160.139,2024-09-24 17:52:00,160.178,4368336
127871696,2024-09-24 17:49:06,buy,1.00,xauusd,2643.40,2024-09-24 17:49:15,2643.29,4368791
127871908,2024-09-24 17:49:47,buy,1.00,xauusd,2643.75,2024-09-24 17:54:08,2647.20,4370020
127872904,2024-09-24 17:51:41,sell,1.00,usdjpy,143.697,2024-09-24 18:04:22,143.651,4373436
127873714,2024-09-24 17:53:33,buy,1.00,eurjpy,160.140,2024-09-24 17:54:49,160.163,4376781
127873726,2024-09-24 17:53:34,buy,1.00,usdjpy,143.661,2024-09-24 17:54:49,143.644,4376838
127874123,2024-09-24 17:54:09,buy,1.00,xauusd,2646.79,2024-09-24 17:54:54,2646.26,4377875
127874368,2024-09-24 17:55:01,buy,1.00,xauusd,2645.76,2024-09-24 17:56:28,2645.71,4379423
127874406,2024-09-24 17:55:03,buy,1.00,usdjpy,143.603,2024-09-24 18:58:17,143.823,4379504
127874601,2024-09-24 17:55:36,buy,1.00,eurjpy,160.122,2024-09-24 18:37:00,160.261,4380480
127874649,2024-09-24 17:55:50,sell,1.00,xauusd,2645.35,2024-09-24 18:21:05,2645.15,4380884
127874929,2024-09-24 17:56:37,buy,1.00,xauusd,2644.94,2024-09-24 17:57:29,2644.56,4382322
127875521,2024-09-24 17:57:25,sell,1.00,eurjpy,160.160,2024-09-24 18:02:52,160.158,4383770
127875557,2024-09-24 17:57:30,buy,1.00,xauusd,2644.06,2024-09-24 17:58:45,2644.67,4383910
127876326,2024-09-24 17:59:02,buy,1.00,xauusd,2644.64,2024-09-24 17:59:33,2644.10,4386667
127876437,2024-09-24 17:59:36,buy,1.00,xauusd,2643.72,2024-09-24 18:01:57,2645.01,4387681
127877624,2024-09-24 18:02:15,buy,1.00,xauusd,2644.53,2024-09-24 18:04:29,2645.85,4392439
127877800,2024-09-24 18:03:06,sell,1.00,eurjpy,160.185,2024-09-24 18:04:22,160.228,4393966
127878446,2024-09-24 18:04:43,sell,1.00,eurjpy,160.285,2024-09-24 18:11:39,160.295,4396898
127878506,2024-09-24 18:04:53,sell,1.00,usdjpy,143.717,2024-09-24 18:05:17,143.749,4397203
127878597,2024-09-24 18:05:03,buy,1.00,xauusd,2644.73,2024-09-24 18:05:17,2645.35,4397472
127878741,2024-09-24 18:05:32,buy,1.00,xauusd,2644.88,2024-09-24 18:06:24,2645.71,4398372
127878749,2024-09-24 18:05:33,sell,1.00,usdjpy,143.773,2024-09-24 18:15:33,143.622,4398378
127879040,2024-09-24 18:06:25,buy,1.00,xauusd,2645.22,2024-09-24 18:10:01,2644.97,4399939
127880543,2024-09-24 18:10:25,buy,1.00,xauusd,2645.39,2024-09-24 18:16:23,2646.44,4407147
127881579,2024-09-24 18:12:28,sell,1.00,eurjpy,160.264,2024-09-24 18:15:34,160.183,4410863
127882673,2024-09-24 18:15:35,sell,1.00,usdjpy,143.647,2024-09-24 18:32:07,143.671,4416464
127882909,2024-09-24 18:16:39,buy,1.00,xauusd,2646.86,2024-09-24 18:18:05,2646.35,4418358
127882974,2024-09-24 18:17:01,sell,1.00,eurjpy,160.212,2024-09-24 18:32:07,160.213,4419025
127883151,2024-09-24 18:18:06,buy,1.00,xauusd,2645.73,2024-09-24 18:18:10,2645.50,4420986
127883236,2024-09-24 18:18:27,buy,1.00,xauusd,2645.91,2024-09-24 18:20:41,2645.14,4421601
127883824,2024-09-24 18:20:41,buy,1.00,xauusd,2644.47,2024-09-24 18:21:13,2645.65,4425640
127883956,2024-09-24 18:21:10,sell,1.00,xauusd,2645.96,2024-09-24 18:22:40,2644.47,4426510
127884053,2024-09-24 18:21:40,buy,1.00,xauusd,2645.18,2024-09-24 18:22:05,2645.58,4427399
127884212,2024-09-24 18:22:10,buy,1.00,xauusd,2645.09,2024-09-24 18:41:25,2644.99,4428310
127884690,2024-09-24 18:23:12,sell,1.00,xauusd,2645.16,2024-09-24 18:29:23,2646.02,4430161
127886946,2024-09-24 18:29:24,sell,1.00,xauusd,2646.52,2024-09-24 18:40:31,2644.08,4441323
127888528,2024-09-24 18:33:02,sell,1.00,eurjpy,160.244,2024-09-24 18:48:15,160.251,4447886
127888911,2024-09-24 18:34:40,sell,1.00,usdjpy,143.692,2024-09-24 18:36:59,143.730,4450807
127890840,2024-09-24 18:40:11,sell,1.00,usdjpy,143.702,2024-09-24 18:41:08,143.702,4460719
127890858,2024-09-24 18:40:13,buy,1.00,eurjpy,160.231,2024-09-24 21:46:12,160.125,4460782
127890962,2024-09-24 18:40:39,sell,1.00,xauusd,2644.97,2024-09-24 18:55:36,2641.15,4461548
127891045,2024-09-24 18:41:11,sell,1.00,usdjpy,143.727,2024-09-24 18:48:15,143.757,4462536
127891164,2024-09-24 18:41:29,buy,1.00,xauusd,2644.24,2024-09-24 18:41:49,2644.07,4463079
127891999,2024-09-24 18:43:44,buy,1.00,xauusd,2643.55,2024-09-24 18:44:23,2643.48,4467122
127892895,2024-09-24 18:46:02,buy,1.00,xauusd,2642.98,2024-09-24 18:48:39,2642.17,4471260
127893596,2024-09-24 18:48:26,sell,1.00,usdjpy,143.782,2024-09-24 18:48:45,143.787,4475596
127893613,2024-09-24 18:48:29,sell,1.00,eurjpy,160.281,2024-09-24 18:53:36,160.323,4475664
127893818,2024-09-24 18:48:53,buy,1.00,xauusd,2641.55,2024-09-24 18:50:27,2640.98,4476398
127894089,2024-09-24 18:49:32,sell,1.00,usdjpy,143.758,2024-09-24 19:42:43,143.551,4477571
127894664,2024-09-24 18:50:40,buy,1.00,xauusd,2641.47,2024-09-24 18:51:26,2640.91,4479615
127895089,2024-09-24 18:52:09,buy,1.00,xauusd,2641.33,2024-09-24 18:52:13,2641.18,4482283
127895707,2024-09-24 18:53:28,buy,1.00,xauusd,2641.60,2024-09-24 18:53:44,2641.74,4484663
127896131,2024-09-24 18:54:10,sell,1.00,eurjpy,160.351,2024-09-24 19:42:43,160.159,4485896
127896345,2024-09-24 18:54:30,buy,1.00,xauusd,2640.34,2024-09-24 18:58:38,2643.16,4486520
127896787,2024-09-24 18:55:38,sell,1.00,xauusd,2643.21,2024-09-24 18:55:58,2643.77,4488555
127897140,2024-09-24 18:56:31,sell,1.00,xauusd,2642.76,2024-09-24 18:56:49,2642.42,4490146
127897212,2024-09-24 18:56:51,sell,1.00,xauusd,2642.83,2024-09-24 19:10:47,2647.25,4490757
127897714,2024-09-24 18:58:40,buy,1.00,xauusd,2642.72,2024-09-24 19:01:19,2643.60,4493993
127897945,2024-09-24 18:59:15,buy,1.00,usdjpy,143.792,2024-09-24 19:17:59,143.549,4495054
127898634,2024-09-24 19:01:19,buy,1.00,xauusd,2643.15,2024-09-24 19:01:35,2643.33,4498780
127898867,2024-09-24 19:02:59,buy,1.00,xauusd,2643.74,2024-09-24 19:04:09,2645.37,4501781
127899347,2024-09-24 19:04:14,buy,1.00,xauusd,2645.72,2024-09-24 19:04:28,2645.77,4504011
127899448,2024-09-24 19:04:29,buy,1.00,xauusd,2645.37,2024-09-24 19:05:38,2646.92,4504469
127899894,2024-09-24 19:06:00,buy,1.00,xauusd,2647.15,2024-09-24 19:07:45,2648.98,4507210
127900717,2024-09-24 19:08:07,buy,1.00,xauusd,2647.98,2024-09-24 19:08:33,2648.81,4510994
127901042,2024-09-24 19:09:00,buy,1.00,xauusd,2649.22,2024-09-24 19:12:37,2648.37,4512587
127901560,2024-09-24 19:10:48,sell,1.00,xauusd,2647.61,2024-09-24 19:23:46,2647.55,4515837
127902051,2024-09-24 19:13:09,buy,1.00,xauusd,2647.92,2024-09-24 19:15:42,2649.67,4520073
127903526,2024-09-24 19:15:50,buy,1.00,xauusd,2649.17,2024-09-24 19:19:29,2648.87,4524918
127903987,2024-09-24 19:18:06,buy,1.00,usdjpy,143.528,2024-09-24 19:33:52,143.629,4528986
127904436,2024-09-24 19:19:33,buy,1.00,xauusd,2648.37,2024-09-24 19:21:04,2648.02,4531598
127904709,2024-09-24 19:21:04,buy,1.00,xauusd,2647.52,2024-09-24 19:44:50,2654.99,4534338
127905544,2024-09-24 19:24:01,sell,1.00,xauusd,2648.05,2024-09-24 19:26:45,2647.66,4539615
127906288,2024-09-24 19:26:51,sell,1.00,xauusd,2648.16,2024-09-24 19:35:45,2648.49,4544734
127908786,2024-09-24 19:35:32,buy,1.00,usdjpy,143.641,2024-09-24 19:35:45,143.632,4560361
127909223,2024-09-24 19:36:43,sell,1.00,xauusd,2649.04,2024-09-24 19:44:33,2652.97,4562506
127909316,2024-09-24 19:36:57,buy,1.00,usdjpy,143.587,2024-09-24 20:01:04,143.469,4562927
127912352,2024-09-24 19:42:57,sell,1.00,usdjpy,143.569,2024-09-24 21:35:20,143.378,4573727
127912815,2024-09-24 19:44:35,sell,1.00,xauusd,2653.61,2024-09-24 19:45:59,2652.88,4576651
127912957,2024-09-24 19:44:51,buy,1.00,xauusd,2654.49,2024-09-24 19:44:53,2654.45,4577136
127913003,2024-09-24 19:44:54,buy,1.00,xauusd,2653.85,2024-09-24 20:15:31,2652.55,4577232
127913224,2024-09-24 19:45:17,sell,1.00,eurjpy,160.124,2024-09-24 22:34:00,160.077,4577906
127913606,2024-09-24 19:47:04,sell,1.00,xauusd,2652.81,2024-09-24 19:47:05,2652.77,4581122
127913756,2024-09-24 19:47:51,sell,1.00,xauusd,2653.22,2024-09-24 19:48:23,2652.89,4582545
127913886,2024-09-24 19:48:24,sell,1.00,xauusd,2653.80,2024-09-24 19:49:16,2653.30,4583505
127914210,2024-09-24 19:50:05,sell,1.00,xauusd,2654.04,2024-09-24 19:55:10,2654.08,4586549
127915632,2024-09-24 19:55:42,sell,1.00,xauusd,2653.89,2024-09-24 19:56:50,2653.51,4596661
127916636,2024-09-24 19:58:39,sell,1.00,xauusd,2653.07,2024-09-24 20:04:17,2651.68,4601992
127917540,2024-09-24 20:02:17,buy,1.00,usdjpy,143.444,2024-09-24 21:46:12,143.434,4608494
127918056,2024-09-24 20:05:20,sell,1.00,xauusd,2651.27,2024-09-24 20:14:40,2651.51,4614003
127921149,2024-09-24 20:14:44,sell,1.00,xauusd,2651.98,2024-09-24 20:15:11,2651.95,4630929
127921696,2024-09-24 20:15:28,sell,1.00,xauusd,2652.44,2024-09-24 20:23:34,2652.62,4632242
127922018,2024-09-24 20:16:05,buy,1.00,xauusd,2652.06,2024-09-24 20:21:12,2652.89,4633354
127923512,2024-09-24 20:21:24,buy,1.00,xauusd,2652.39,2024-09-24 20:41:09,2651.01,4642930
127924145,2024-09-24 20:24:01,sell,1.00,xauusd,2653.16,2024-09-24 20:28:22,2650.64,4647630
127924908,2024-09-24 20:28:34,sell,1.00,xauusd,2651.22,2024-09-24 20:56:41,2654.11,4655836
127926911,2024-09-24 20:41:56,buy,1.00,xauusd,2650.52,2024-09-24 21:35:20,2656.84,4679864
127929570,2024-09-24 20:57:16,sell,1.00,xauusd,2653.70,2024-09-24 21:22:18,2655.79,4707485
127935823,2024-09-24 21:22:27,sell,1.00,xauusd,2656.36,2024-09-24 22:04:28,2656.77,4752815
127938636,2024-09-24 21:35:57,sell,1.00,usdjpy,143.402,2024-09-24 23:05:11,143.219,4777116
127938975,2024-09-24 21:38:11,buy,1.00,xauusd,2656.35,2024-09-24 22:45:11,2663.37,4781111
127940866,2024-09-24 21:51:30,buy,1.00,eurjpy,160.157,2024-09-24 22:04:28,160.140,4805110
127941188,2024-09-24 21:54:54,buy,1.00,usdjpy,143.400,2024-09-24 22:04:28,143.416,4811207
127942568,2024-09-24 22:04:29,buy,1.00,eurjpy,160.102,2024-09-24 22:16:00,160.037,4828452
127942571,2024-09-24 22:04:29,buy,1.00,usdjpy,143.372,2024-09-24 22:16:00,143.256,4828452
127943885,2024-09-24 22:13:10,sell,1.00,xauusd,2657.62,2024-09-24 22:26:18,2659.31,4844093
127944913,2024-09-24 22:18:03,buy,1.00,usdjpy,143.284,2024-09-25 01:20:19,143.212,4852858
127944940,2024-09-24 22:18:29,buy,1.00,eurjpy,160.067,2024-09-25 01:37:01,160.028,4853668
127945662,2024-09-24 22:26:52,sell,1.00,xauusd,2660.02,2024-09-24 22:39:45,2661.54,4868767
127946604,2024-09-24 22:35:09,sell,1.00,eurjpy,160.105,2024-09-25 02:18:46,160.045,4883667
127947089,2024-09-24 22:39:54,sell,1.00,xauusd,2662.03,2024-09-24 22:40:19,2662.57,4892229
127947219,2024-09-24 22:40:20,sell,1.00,xauusd,2663.03,2024-09-25 03:59:06,2660.40,4892986
127947998,2024-09-24 22:45:31,buy,1.00,xauusd,2662.98,2024-09-24 22:46:46,2663.31,4902315
127948394,2024-09-24 22:47:05,buy,1.00,xauusd,2662.82,2024-09-24 22:49:53,2663.55,4905148
127948764,2024-09-24 22:49:54,buy,1.00,xauusd,2663.03,2024-09-24 22:50:02,2663.00,4910220
127948847,2024-09-24 22:50:17,buy,1.00,xauusd,2662.45,2024-09-24 22:52:00,2661.42,4910909
127949392,2024-09-24 22:52:21,buy,1.00,xauusd,2660.84,2024-09-24 22:53:21,2661.57,4914623
127949679,2024-09-24 22:53:53,buy,1.00,xauusd,2661.09,2024-09-24 22:54:59,2661.92,4917368
127949967,2024-09-24 22:55:03,buy,1.00,xauusd,2661.43,2024-09-24 22:58:02,2662.54,4919493
127950425,2024-09-24 22:58:23,buy,1.00,xauusd,2662.96,2024-09-24 23:06:13,2663.65,4925473
127951660,2024-09-24 23:08:28,sell,1.00,usdjpy,143.186,2024-09-25 02:00:10,143.020,4943657
127951718,2024-09-24 23:10:00,buy,1.00,xauusd,2663.18,2024-09-24 23:14:21,2662.98,4946402
127952081,2024-09-24 23:19:49,buy,1.00,xauusd,2663.41,2024-09-24 23:21:44,2663.20,4964058
127952183,2024-09-24 23:23:41,buy,1.00,xauusd,2662.70,2024-09-24 23:35:47,2661.81,4971018
127952637,2024-09-24 23:36:11,buy,1.00,xauusd,2661.36,2024-09-24 23:36:32,2660.24,4993539
127952718,2024-09-24 23:36:41,buy,1.00,xauusd,2659.74,2024-09-24 23:36:45,2659.61,4994421
127952766,2024-09-24 23:37:19,buy,1.00,xauusd,2659.17,2024-09-24 23:37:38,2659.94,4995575
127952859,2024-09-24 23:41:11,buy,1.00,xauusd,2660.46,2024-09-25 04:00:39,2662.80,5002503
127955245,2024-09-25 01:21:22,buy,1.00,usdjpy,143.188,2024-09-25 01:49:18,143.073,5182829
127955904,2024-09-25 01:37:34,buy,1.00,eurjpy,159.998,2024-09-25 01:49:18,160.056,5212023
127956884,2024-09-25 01:49:21,buy,1.00,usdjpy,143.012,2024-09-25 01:52:03,143.039,5233215
127956888,2024-09-25 01:49:28,buy,1.00,eurjpy,159.994,2024-09-25 01:53:53,159.937,5233417
127957121,2024-09-25 01:53:01,buy,1.00,usdjpy,143.015,2024-09-25 01:53:53,142.968,5239798
127957204,2024-09-25 01:53:54,buy,1.00,eurjpy,159.878,2024-09-25 02:03:04,160.031,5241402
127957215,2024-09-25 01:53:54,buy,1.00,usdjpy,142.915,2024-09-25 01:56:18,143.068,5241431
127957553,2024-09-25 01:59:21,buy,1.00,usdjpy,143.041,2024-09-25 02:08:40,143.132,5251204
127958030,2024-09-25 02:02:03,sell,1.00,usdjpy,143.108,2024-09-25 02:04:37,143.088,5256079
127958182,2024-09-25 02:04:37,buy,1.00,eurjpy,160.064,2024-09-25 02:08:40,160.101,5260725
127958187,2024-09-25 02:04:53,sell,1.00,usdjpy,143.111,2024-09-25 02:05:47,143.103,5261177
127958295,2024-09-25 02:06:13,sell,1.00,usdjpy,143.132,2024-09-25 02:18:46,143.093,5263568
127958481,2024-09-25 02:09:56,buy,1.00,eurjpy,160.069,2024-09-25 02:11:45,160.051,5270263
127958554,2024-09-25 02:10:32,buy,1.00,usdjpy,143.080,2024-09-25 02:11:45,143.076,5271335
127958690,2024-09-25 02:12:02,buy,1.00,usdjpy,143.059,2024-09-25 02:14:06,143.070,5274054
127958691,2024-09-25 02:12:02,buy,1.00,eurjpy,160.039,2024-09-25 02:25:16,160.053,5274054
127958776,2024-09-25 02:14:18,buy,1.00,usdjpy,143.048,2024-09-25 02:30:34,143.078,5278138
127959311,2024-09-25 02:19:43,sell,1.00,eurjpy,160.072,2024-09-25 02:41:33,159.938,5287886
127959312,2024-09-25 02:19:43,sell,1.00,usdjpy,143.120,2024-09-25 02:41:35,142.978,5287899
127959754,2024-09-25 02:26:09,buy,1.00,eurjpy,160.015,2024-09-25 02:30:34,160.025,5299462
127960304,2024-09-25 02:37:33,buy,1.00,eurjpy,159.995,2024-09-25 02:41:29,159.972,5319979
127960358,2024-09-25 02:41:29,buy,1.00,usdjpy,143.022,2024-09-25 02:43:42,143.018,5327061
127960388,2024-09-25 02:41:32,buy,1.00,eurjpy,159.943,2024-09-25 02:41:53,159.964,5327143
127960449,2024-09-25 02:41:45,sell,1.00,eurjpy,159.964,2024-09-25 03:22:28,160.301,5327560
127960450,2024-09-25 02:41:45,sell,1.00,usdjpy,143.001,2024-09-25 03:21:45,143.193,5327560
127960581,2024-09-25 02:43:55,buy,1.00,usdjpy,142.994,2024-09-25 02:44:40,142.980,5331434
127960633,2024-09-25 02:44:54,buy,1.00,eurjpy,159.923,2024-09-25 03:04:25,160.083,5333202
127960733,2024-09-25 02:45:03,buy,1.00,usdjpy,142.954,2024-09-25 03:04:25,143.056,5333503
127962789,2024-09-25 03:04:30,buy,1.00,usdjpy,143.031,2024-09-25 03:10:59,143.192,5368493
127962791,2024-09-25 03:04:34,buy,1.00,eurjpy,160.054,2024-09-25 04:22:08,160.259,5368598
127963553,2024-09-25 03:11:30,buy,1.00,usdjpy,143.226,2024-09-25 04:05:07,143.212,5381073
127964924,2024-09-25 03:22:04,sell,1.00,usdjpy,143.238,2024-09-25 03:22:28,143.274,5400113
127965227,2024-09-25 03:24:21,sell,1.00,usdjpy,143.246,2024-09-25 03:57:48,143.247,5404222
127965485,2024-09-25 03:26:38,sell,1.00,eurjpy,160.329,2024-09-25 03:40:58,160.339,5408323
127967350,2024-09-25 03:42:27,sell,1.00,eurjpy,160.309,2024-09-25 03:57:48,160.318,5436814
127968358,2024-09-25 03:57:54,sell,1.00,eurjpy,160.286,2024-09-25 04:12:00,160.246,5464614
127968360,2024-09-25 03:57:54,sell,1.00,usdjpy,143.216,2024-09-25 04:03:10,143.192,5464618
127968522,2024-09-25 03:59:06,sell,1.00,xauusd,2660.91,2024-09-25 04:22:17,2659.66,5466790
127969206,2024-09-25 04:00:41,buy,1.00,xauusd,2662.14,2024-09-25 04:05:25,2661.04,5469611
127969733,2024-09-25 04:03:31,sell,1.00,usdjpy,143.217,2024-09-25 04:12:00,143.181,5474720
127970034,2024-09-25 04:05:43,buy,1.00,usdjpy,143.177,2024-09-25 04:14:55,143.346,5478700
127970048,2024-09-25 04:05:44,buy,1.00,xauusd,2660.49,2024-09-25 04:16:55,2660.77,5478709
127970857,2024-09-25 04:12:05,sell,1.00,eurjpy,160.318,2024-09-25 04:12:07,160.327,5490160
127970868,2024-09-25 04:12:09,sell,1.00,usdjpy,143.274,2024-09-25 04:13:02,143.338,5490242
127970904,2024-09-25 04:12:20,sell,1.00,eurjpy,160.374,2024-09-25 04:13:02,160.412,5490584
127970982,2024-09-25 04:13:05,sell,1.00,eurjpy,160.442,2024-09-25 04:22:12,160.207,5491950
127970987,2024-09-25 04:13:07,sell,1.00,usdjpy,143.372,2024-09-25 04:22:12,143.122,5492017
127971608,2024-09-25 04:15:51,buy,1.00,usdjpy,143.323,2024-09-25 04:22:08,143.173,5496929
127971785,2024-09-25 04:17:02,buy,1.00,xauusd,2659.96,2024-09-25 04:22:08,2660.78,5499036
127972248,2024-09-25 04:22:10,buy,1.00,xauusd,2661.08,2024-09-25 04:22:11,2660.79,5508300
127972263,2024-09-25 04:22:11,buy,1.00,eurjpy,160.207,2024-09-25 04:30:47,160.351,5508336
127972264,2024-09-25 04:22:11,buy,1.00,usdjpy,143.124,2024-09-25 04:33:37,143.407,5508336
127972275,2024-09-25 04:22:13,buy,1.00,xauusd,2660.45,2024-09-25 04:26:00,2661.03,5508380
127972341,2024-09-25 04:22:20,sell,1.00,usdjpy,143.149,2024-09-25 04:22:24,143.150,5508604
127972353,2024-09-25 04:22:22,sell,1.00,xauusd,2660.17,2024-09-25 04:28:23,2657.50,5508667
127972370,2024-09-25 04:22:26,sell,1.00,eurjpy,160.251,2024-09-25 04:42:31,160.417,5508757
127972373,2024-09-25 04:22:26,buy,1.00,gbpusd,1.34203,2024-09-25 17:13:22,1.33932,5508786
127972400,2024-09-25 04:22:38,sell,1.00,usdjpy,143.194,2024-09-25 04:42:31,143.361,5509117
127972736,2024-09-25 04:26:00,buy,1.00,xauusd,2660.57,2024-09-25 04:31:09,2656.86,5515190
127973038,2024-09-25 04:28:24,sell,1.00,xauusd,2658.04,2024-09-25 04:35:25,2656.04,5519506
127973209,2024-09-25 04:29:52,buy,1.00,audusd,0.68941,,,5522128
127973540,2024-09-25 04:30:57,buy,1.00,eurjpy,160.381,2024-09-25 04:36:25,160.397,5524091
127973615,2024-09-25 04:31:11,buy,1.00,xauusd,2657.31,2024-09-25 04:33:39,2657.26,5524502
127974037,2024-09-25 04:33:40,buy,1.00,usdjpy,143.382,2024-09-25 06:51:58,143.363,5528975
127974065,2024-09-25 04:33:47,buy,1.00,xauusd,2656.69,2024-09-25 04:36:57,2656.76,5529186
127974445,2024-09-25 04:35:53,sell,1.00,xauusd,2656.98,2024-09-25 04:43:21,2657.12,5532967
127974627,2024-09-25 04:37:18,buy,1.00,xauusd,2656.88,2024-09-25 06:00:28,2669.50,5535532
127974722,2024-09-25 04:38:31,buy,1.00,eurjpy,160.421,2024-09-25 06:24:03,160.605,5537710
127975262,2024-09-25 04:43:21,sell,1.00,xauusd,2657.57,2024-09-25 04:54:29,2659.10,5546441
127975319,2024-09-25 04:44:07,sell,1.00,usdjpy,143.349,2024-09-25 04:45:52,143.381,5547822
127975325,2024-09-25 04:44:10,sell,1.00,eurjpy,160.399,2024-09-25 04:45:52,160.417,5547887
127975682,2024-09-25 04:46:21,sell,1.00,usdjpy,143.395,2024-09-25 04:48:16,143.393,5551800
127975683,2024-09-25 04:46:21,sell,1.00,eurjpy,160.441,2024-09-25 04:48:16,160.428,5551800
127975877,2024-09-25 04:48:16,sell,1.00,usdjpy,143.414,2024-09-25 05:44:16,143.281,5555270
127975978,2024-09-25 04:49:10,sell,1.00,eurjpy,160.461,2024-09-25 07:03:31,160.414,5556893
127976546,2024-09-25 04:54:42,sell,1.00,xauusd,2659.56,2024-09-25 05:00:48,2660.20,5566846
127977401,2024-09-25 05:01:47,sell,1.00,xauusd,2661.17,2024-09-25 05:39:11,2662.10,5579616
127981875,2024-09-25 05:41:11,sell,1.00,xauusd,2661.61,2024-09-25 05:51:52,2665.46,5650510
127982192,2024-09-25 05:45:00,sell,1.00,usdjpy,143.305,2024-09-25 05:48:47,143.298,5657389
127982601,2024-09-25 05:48:47,sell,1.00,usdjpy,143.323,2024-09-25 06:49:46,143.369,5664204
127983035,2024-09-25 05:51:53,sell,1.00,xauusd,2665.93,2024-09-25 06:05:03,2665.62,5669753
127984487,2024-09-25 06:00:29,buy,1.00,xauusd,2668.90,2024-09-25 08:25:28,2658.67,5685274
127985313,2024-09-25 06:05:10,sell,1.00,xauusd,2666.03,2024-09-25 06:49:49,2661.03,5693679
127987490,2024-09-25 06:27:46,buy,1.00,eurjpy,160.576,2024-09-25 06:32:10,160.548,5734365
127988644,2024-09-25 06:37:40,buy,1.00,eurjpy,160.578,2024-09-25 06:39:14,160.538,5752179
127989050,2024-09-25 06:43:27,buy,1.00,eurjpy,160.508,2024-09-25 07:10:19,160.503,5762586
127989427,2024-09-25 06:50:16,sell,1.00,usdjpy,143.407,2024-09-25 07:03:31,143.268,5774860
127989579,2024-09-25 06:53:10,buy,1.00,usdjpy,143.319,2024-09-25 07:12:34,143.336,5780084
127989618,2024-09-25 06:53:55,sell,1.00,xauusd,2660.63,2024-09-25 07:53:13,2659.70,5781454
127990284,2024-09-25 07:03:32,sell,1.00,usdjpy,143.293,2024-09-25 08:15:32,143.207,5798740
127990354,2024-09-25 07:04:56,sell,1.00,eurjpy,160.444,2024-09-25 08:15:32,160.336,5801270
127990926,2024-09-25 07:15:21,buy,1.00,eurjpy,160.524,2024-09-25 07:15:24,160.528,5819989
127990927,2024-09-25 07:15:23,buy,1.00,usdjpy,143.368,2024-09-25 07:15:24,143.365,5820067
127990997,2024-09-25 07:16:50,buy,1.00,usdjpy,143.341,2024-09-25 07:36:46,143.246,5822668
127991117,2024-09-25 07:19:16,buy,1.00,eurjpy,160.498,2024-09-25 07:19:25,160.513,5827034
127991323,2024-09-25 07:21:56,buy,1.00,eurjpy,160.545,2024-09-25 07:23:02,160.561,5831999
127991749,2024-09-25 07:27:32,buy,1.00,eurjpy,160.532,2024-09-25 07:51:14,160.393,5841941
127992705,2024-09-25 07:40:34,buy,1.00,usdjpy,143.278,2024-09-25 08:02:12,143.252,5865403
127993618,2024-09-25 07:54:18,sell,1.00,xauusd,2659.50,2024-09-25 08:30:56,2656.76,5890115
127994207,2024-09-25 08:01:18,buy,1.00,eurjpy,160.387,2024-09-25 08:02:12,160.378,5902717
127994241,2024-09-25 08:02:12,buy,1.00,usdjpy,143.229,2024-09-25 09:50:50,143.594,5904343
127994245,2024-09-25 08:02:17,buy,1.00,eurjpy,160.349,2024-09-25 09:02:12,160.393,5904486
127995403,2024-09-25 08:15:40,sell,1.00,usdjpy,143.227,2024-09-25 08:34:45,143.299,5928579
127995697,2024-09-25 08:19:52,sell,1.00,eurjpy,160.419,2024-09-25 08:33:29,160.373,5936151
127996048,2024-09-25 08:25:29,buy,1.00,xauusd,2658.17,2024-09-25 08:46:13,2656.06,5946240
127996820,2024-09-25 08:31:02,sell,1.00,xauusd,2657.24,2024-09-25 09:06:40,2658.48,5956236
127997097,2024-09-25 08:34:48,sell,1.00,eurjpy,160.403,2024-09-25 09:15:56,160.489,5963048
127997109,2024-09-25 08:35:02,sell,1.00,usdjpy,143.324,2024-09-25 10:00:56,143.697,5963446
127998362,2024-09-25 08:46:14,buy,1.00,xauusd,2656.15,2024-09-25 09:21:17,2655.54,5983609
128000847,2024-09-25 09:02:33,buy,1.00,eurjpy,160.423,2024-09-25 09:45:17,160.688,6012967
128001295,2024-09-25 09:06:43,sell,1.00,xauusd,2658.04,2024-09-25 09:09:06,2655.76,6020467
128001955,2024-09-25 09:10:01,sell,1.00,xauusd,2655.45,2024-09-25 09:13:52,2653.72,6026399
128002493,2024-09-25 09:14:36,sell,1.00,xauusd,2654.79,2024-09-25 09:56:48,2655.12,6034660
128003044,2024-09-25 09:16:04,sell,1.00,eurjpy,160.456,2024-09-25 09:21:56,160.479,6037298
128003581,2024-09-25 09:21:27,buy,1.00,xauusd,2654.79,2024-09-25 09:51:51,2654.95,6046991
128003686,2024-09-25 09:22:39,sell,1.00,eurjpy,160.441,2024-09-25 09:24:35,160.440,6049163
128003952,2024-09-25 09:26:15,sell,1.00,eurjpy,160.485,2024-09-25 09:39:18,160.590,6055629
128005438,2024-09-25 09:39:30,sell,1.00,eurjpy,160.627,2024-09-25 10:05:10,160.798,6079479
128005980,2024-09-25 09:45:29,buy,1.00,eurjpy,160.658,2024-09-25 09:47:19,160.636,6090223
128006053,2024-09-25 09:47:29,buy,1.00,eurjpy,160.666,2024-09-25 09:50:50,160.727,6093840
128006381,2024-09-25 09:51:02,buy,1.00,usdjpy,143.569,2024-09-25 11:00:41,143.937,6100241
128006455,2024-09-25 09:52:03,buy,1.00,xauusd,2655.41,2024-09-25 10:00:50,2655.19,6102072
128006667,2024-09-25 09:53:54,buy,1.00,eurjpy,160.764,2024-09-25 10:08:54,160.922,6105372
128006955,2024-09-25 09:56:49,sell,1.00,xauusd,2655.49,2024-09-25 12:23:01,2653.71,6110635
128007722,2024-09-25 10:01:10,buy,1.00,xauusd,2654.36,2024-09-25 10:05:10,2652.92,6118479
128007775,2024-09-25 10:01:29,sell,1.00,usdjpy,143.663,2024-09-25 11:08:06,143.987,6119058
128008257,2024-09-25 10:05:10,buy,1.00,xauusd,2652.15,2024-09-25 10:20:56,2653.02,6125690
128008509,2024-09-25 10:06:24,sell,1.00,eurjpy,160.877,2024-09-25 10:17:19,160.725,6127901
128008894,2024-09-25 10:09:20,buy,1.00,eurjpy,160.892,2024-09-25 10:12:08,160.804,6133168
128009662,2024-09-25 10:12:59,buy,1.00,eurjpy,160.767,2024-09-25 11:00:41,161.077,6139735
128010427,2024-09-25 10:17:26,sell,1.00,eurjpy,160.755,2024-09-25 10:30:54,160.901,6147760
128010880,2024-09-25 10:20:56,buy,1.00,xauusd,2652.53,2024-09-25 10:39:26,2653.87,6154068
128012298,2024-09-25 10:31:02,sell,1.00,eurjpy,160.930,2024-09-25 10:54:44,160.927,6172236
128013028,2024-09-25 10:39:35,buy,1.00,xauusd,2653.37,2024-09-25 11:00:30,2657.31,6187629
128014464,2024-09-25 10:55:04,sell,1.00,eurjpy,160.956,2024-09-25 11:30:11,161.022,6215508
128016482,2024-09-25 11:01:33,buy,1.00,xauusd,2657.96,2024-09-25 11:02:07,2658.25,6227150
128016493,2024-09-25 11:01:33,buy,1.00,usdjpy,143.912,2024-09-25 11:28:50,143.991,6227173
128016711,2024-09-25 11:03:07,buy,1.00,eurjpy,161.110,2024-09-25 11:03:10,161.119,6229986
128016760,2024-09-25 11:03:36,buy,1.00,xauusd,2657.76,2024-09-25 11:25:14,2656.35,6230860
128016855,2024-09-25 11:04:25,buy,1.00,eurjpy,161.148,2024-09-25 11:19:47,161.097,6232313
128017356,2024-09-25 11:08:13,sell,1.00,usdjpy,144.018,2024-09-25 11:30:11,143.965,6239172
128019621,2024-09-25 11:24:03,buy,1.00,eurjpy,161.064,2024-09-25 11:25:35,161.028,6267646
128019831,2024-09-25 11:26:04,buy,1.00,xauusd,2655.59,2024-09-25 11:42:31,2655.31,6271277
128019958,2024-09-25 11:27:45,buy,1.00,eurjpy,161.058,2024-09-25 11:33:52,161.130,6274308
128020133,2024-09-25 11:29:57,buy,1.00,usdjpy,143.966,2024-09-25 13:11:18,144.142,6278296
128020453,2024-09-25 11:30:12,sell,1.00,eurjpy,161.049,2024-09-25 12:31:41,161.237,6278736
128020457,2024-09-25 11:30:13,sell,1.00,usdjpy,143.989,2024-09-25 13:53:21,144.205,6278782
128021057,2024-09-25 11:35:45,buy,1.00,eurjpy,161.103,2024-09-25 12:05:08,161.073,6288738
128021875,2024-09-25 11:43:47,buy,1.00,xauusd,2655.80,2024-09-25 12:15:49,2653.75,6303186
128023944,2024-09-25 12:06:08,buy,1.00,eurjpy,161.103,2024-09-25 12:41:51,161.198,6343386
128024885,2024-09-25 12:16:01,buy,1.00,xauusd,2653.14,2024-09-25 12:25:34,2654.69,6361184
128025619,2024-09-25 12:23:02,sell,1.00,xauusd,2654.47,2024-09-25 12:29:22,2655.20,6373836
128025900,2024-09-25 12:25:35,buy,1.00,xauusd,2654.40,2024-09-25 13:41:58,2657.58,6378414
128026815,2024-09-25 12:31:08,sell,1.00,xauusd,2654.79,2024-09-25 12:43:28,2656.28,6388421
128027085,2024-09-25 12:33:39,sell,1.00,eurjpy,161.265,2024-09-25 13:55:57,161.401,6392963
128028052,2024-09-25 12:45:15,buy,1.00,eurjpy,161.229,2024-09-25 13:11:18,161.191,6413844
128028317,2024-09-25 12:48:27,sell,1.00,xauusd,2656.74,2024-09-25 13:21:14,2656.76,6419591
128030919,2024-09-25 13:12:11,buy,1.00,eurjpy,161.163,2024-09-25 14:41:58,161.550,6462293
128031186,2024-09-25 13:14:35,buy,1.00,usdjpy,144.118,2024-09-25 14:05:10,144.333,6466609
128032028,2024-09-25 13:21:54,sell,1.00,xauusd,2656.26,2024-09-25 13:58:08,2655.16,6479771
