Order,Time,Type,Size,Symbol,Price,End Time,End Price,frame_pos
127152143,2024-09-18 22:36:25,buy ,1.00,eurusd,1.11217,2024-09-23 10:15:00,1.11379,0
127181411,2024-09-19 04:12:22,sell,1.00,usdcad,1.36392,2024-09-23 10:15:00,1.35733,0
127184714,2024-09-19 04:33:16,buy ,1.00,audusd,0.67427,2024-09-23 10:15:00,0.68110,0
127241134,2024-09-19 09:49:15,sell,1.00,eurusd,1.11412,2024-09-23 10:16:43,1.11197,0
127306879,2024-09-19 15:45:33,buy ,1.00,usdcad,1.35647,2024-09-23 16:45:00,1.35214,0
127399631,2024-09-20 04:32:32,sell,1.00,audusd,0.68048,2024-09-23 16:45:00,0.68416,0
127412415,2024-09-20 09:02:16,buy ,1.00,gbpusd,1.33107,2024-09-23 10:15:01,1.32868,0
127532339,2024-09-20 19:03:48,sell,1.00,gbpusd,1.33091,2024-09-23 10:37:53,1.32719,0
127552425,2024-09-20 20:22:49,sell,1.00,xauusd,2622.13,2024-09-23 03:31:11,2620.11,0
127556603,2024-09-20 20:41:03,sell,1.00,eurjpy,160.846,2024-09-23 02:43:31,160.608,0
127557373,2024-09-20 20:44:53,sell,1.00,usdjpy,144.067,2024-09-23 01:35:58,144.011,0
127567324,2024-09-20 21:52:20,buy ,1.00,eurjpy,160.613,2024-09-23 01:22:02,160.546,0
127571373,2024-09-20 22:43:41,buy ,1.00,xauusd,2622.42,2024-09-23 02:37:51,2620.90,0
127573620,2024-09-20 23:53:00,buy ,1.00,usdjpy,143.976,2024-09-23 01:22:02,143.805,0
127581727,2024-09-23 01:22:02,buy ,1.00,eurjpy,160.519,2024-09-23 01:32:44,160.703,114
127581762,2024-09-23 01:22:32,buy ,1.00,usdjpy,143.773,2024-09-23 01:54:50,143.944,999
127582235,2024-09-23 01:33:07,buy ,1.00,eurjpy,160.739,2024-09-23 01:33:25,160.745,20068
127582381,2024-09-23 01:35:58,buy ,1.00,eurjpy,160.784,2024-09-23 01:42:18,160.748,25202
127582412,2024-09-23 01:36:01,sell,1.00,usdjpy,144.034,2024-09-23 01:56:11,143.908,25270
127582642,2024-09-23 01:44:12,buy ,1.00,eurjpy,160.709,2024-09-23 01:54:50,160.681,40011
127582991,2024-09-23 01:55:11,buy ,1.00,usdjpy,143.919,2024-09-23 01:57:35,143.920,59774
127583006,2024-09-23 01:55:36,buy ,1.00,eurjpy,160.656,2024-09-23 01:57:01,160.690,60533
127583068,2024-09-23 01:57:02,sell,1.00,usdjpy,143.922,2024-09-23 02:01:45,143.926,63103
127583099,2024-09-23 01:57:35,buy ,1.00,usdjpy,143.895,2024-09-23 02:12:00,143.915,64107
127583136,2024-09-23 01:58:37,buy ,1.00,eurjpy,160.647,2024-09-23 02:14:06,160.561,65954
127583370,2024-09-23 02:02:15,sell,1.00,usdjpy,143.951,2024-09-23 02:06:34,143.991,72477
127583705,2024-09-23 02:08:36,sell,1.00,usdjpy,143.963,2024-09-23 03:08:41,144.152,83924
127583832,2024-09-23 02:12:25,buy ,1.00,usdjpy,143.891,2024-09-23 02:14:06,143.845,90804
127583908,2024-09-23 02:14:14,buy ,1.00,usdjpy,143.823,2024-09-23 02:16:58,143.840,94068
127584064,2024-09-23 02:18:03,buy ,1.00,usdjpy,143.815,2024-09-23 02:34:49,143.856,100919
127584081,2024-09-23 02:19:44,buy ,1.00,eurjpy,160.591,2024-09-23 02:42:30,160.608,103970
127584410,2024-09-23 02:35:21,buy ,1.00,usdjpy,143.877,2024-09-23 02:42:30,143.866,132068
127584473,2024-09-23 02:37:52,buy ,1.00,xauusd,2620.46,2024-09-23 04:00:01,2618.18,136594
127584575,2024-09-23 02:42:47,buy ,1.00,usdjpy,143.848,2024-09-23 02:51:20,143.916,145466
127584576,2024-09-23 02:42:47,buy ,1.00,eurjpy,160.586,2024-09-23 02:51:20,160.643,145466
127584617,2024-09-23 02:43:44,sell,1.00,eurjpy,160.638,2024-09-23 03:22:38,160.802,147181
127584995,2024-09-23 02:51:22,buy ,1.00,eurjpy,160.673,2024-09-23 03:12:18,160.860,160880
127584997,2024-09-23 02:51:27,buy ,1.00,usdjpy,143.948,2024-09-23 02:56:49,143.980,161061
127585260,2024-09-23 02:57:04,buy ,1.00,usdjpy,143.995,2024-09-23 03:12:17,144.172,171151
127586867,2024-09-23 03:08:50,sell,1.00,usdjpy,144.176,2024-09-23 03:22:38,144.124,192332
127587237,2024-09-23 03:12:18,buy ,1.00,usdjpy,144.060,2024-09-23 03:22:17,144.151,198590
127587238,2024-09-23 03:12:18,buy ,1.00,eurjpy,160.756,2024-09-23 03:22:17,160.830,198590
127588324,2024-09-23 03:22:18,buy ,1.00,eurjpy,160.801,2024-09-23 04:17:08,161.064,216564
127588329,2024-09-23 03:22:19,buy ,1.00,usdjpy,144.120,2024-09-23 03:23:47,144.150,216624
127588407,2024-09-23 03:23:03,sell,1.00,usdjpy,144.148,2024-09-23 03:25:38,144.220,217937
127588470,2024-09-23 03:23:44,sell,1.00,eurjpy,160.831,2024-09-23 03:25:38,160.899,219180
127588522,2024-09-23 03:24:03,buy ,1.00,usdjpy,144.182,2024-09-23 03:28:02,144.218,219736
127588830,2024-09-23 03:26:19,sell,1.00,usdjpy,144.192,2024-09-23 04:06:52,144.257,223809
127589303,2024-09-23 03:30:40,buy ,1.00,usdjpy,144.233,2024-09-23 03:37:59,144.176,231643
127589360,2024-09-23 03:31:06,sell,1.00,eurjpy,160.934,2024-09-23 04:06:52,160.979,232423
127589665,2024-09-23 03:34:06,sell,1.00,xauusd,2619.69,2024-09-23 04:30:44,2618.25,237828
127590112,2024-09-23 03:41:02,buy ,1.00,usdjpy,144.145,2024-09-23 03:47:53,144.175,250303
127590861,2024-09-23 03:49:33,buy ,1.00,usdjpy,144.139,2024-09-23 04:17:08,144.338,265648
127592009,2024-09-23 04:00:10,buy ,1.00,xauusd,2617.63,2024-09-23 04:01:01,2617.31,284719
127592198,2024-09-23 04:01:02,buy ,1.00,xauusd,2616.81,2024-09-23 04:01:44,2617.07,286320
127592377,2024-09-23 04:02:00,buy ,1.00,xauusd,2616.57,2024-09-23 04:55:56,2620.66,288028
127592996,2024-09-23 04:06:52,sell,1.00,usdjpy,144.274,2024-09-23 04:12:08,144.339,296818
127593060,2024-09-23 04:07:57,sell,1.00,eurjpy,161.066,2024-09-23 04:12:08,161.076,298773
127593221,2024-09-23 04:12:09,sell,1.00,usdjpy,144.361,2024-09-23 04:14:17,144.346,306309
127593232,2024-09-23 04:12:37,sell,1.00,eurjpy,161.106,2024-09-23 04:14:17,161.085,307138
127593283,2024-09-23 04:14:24,sell,1.00,usdjpy,144.370,2024-09-23 04:32:06,144.413,310343
127593522,2024-09-23 04:15:27,sell,1.00,eurjpy,161.051,2024-09-23 04:29:19,161.120,312235
127593638,2024-09-23 04:18:36,buy ,1.00,eurjpy,161.034,2024-09-23 04:41:43,161.073,317913
127593639,2024-09-23 04:18:36,buy ,1.00,usdjpy,144.308,2024-09-23 04:22:05,144.309,317913
127593805,2024-09-23 04:23:01,buy ,1.00,usdjpy,144.327,2024-09-23 04:30:05,144.392,325868
127594250,2024-09-23 04:30:22,sell,1.00,eurjpy,161.090,2024-09-23 04:32:06,161.140,339081
127594266,2024-09-23 04:30:32,buy ,1.00,usdjpy,144.367,2024-09-23 04:30:44,144.376,339409
127594305,2024-09-23 04:31:37,sell,1.00,xauusd,2618.75,2024-09-23 05:36:05,2624.51,341367
127594309,2024-09-23 04:31:58,buy ,1.00,usdjpy,144.404,2024-09-23 04:41:43,144.336,341972
127594322,2024-09-23 04:32:07,sell,1.00,usdjpy,144.438,2024-09-23 05:03:10,144.362,342242
127594366,2024-09-23 04:32:34,sell,1.00,eurjpy,161.179,2024-09-23 05:29:50,161.157,343050
127594915,2024-09-23 04:44:05,buy ,1.00,usdjpy,144.371,2024-09-23 04:45:16,144.360,363800
127595169,2024-09-23 04:45:44,buy ,1.00,usdjpy,144.336,2024-09-23 05:13:43,144.354,366762
127595215,2024-09-23 04:46:56,buy ,1.00,eurjpy,161.045,2024-09-23 04:49:47,161.069,368928
127595346,2024-09-23 04:50:16,buy ,1.00,eurjpy,161.042,2024-09-23 05:07:28,161.132,374943
127595696,2024-09-23 05:00:04,buy ,1.00,xauusd,2620.10,2024-09-23 05:44:36,2624.04,392582
127595807,2024-09-23 05:03:44,sell,1.00,usdjpy,144.387,2024-09-23 05:29:50,144.407,399141
127596066,2024-09-23 05:11:40,buy ,1.00,eurjpy,161.102,2024-09-23 05:16:35,161.103,413449
127596107,2024-09-23 05:13:58,buy ,1.00,usdjpy,144.329,2024-09-23 07:27:52,144.254,417585
127596371,2024-09-23 05:23:26,buy ,1.00,eurjpy,161.134,2024-09-23 06:14:28,161.154,434631
127596531,2024-09-23 05:30:02,sell,1.00,usdjpy,144.432,2024-09-23 05:33:57,144.382,446504
127596635,2024-09-23 05:32:35,sell,1.00,eurjpy,161.127,2024-09-23 05:33:57,161.119,451070
127596734,2024-09-23 05:33:58,sell,1.00,usdjpy,144.399,2024-09-23 05:35:40,144.368,453571
127596782,2024-09-23 05:34:34,sell,1.00,eurjpy,161.149,2024-09-23 05:35:40,161.119,454635
127596912,2024-09-23 05:36:08,sell,1.00,xauusd,2625.00,2024-09-23 05:57:43,2626.20,457500
127597182,2024-09-23 05:40:37,sell,1.00,usdjpy,144.379,2024-09-23 06:39:53,144.288,465545
127597183,2024-09-23 05:40:37,sell,1.00,eurjpy,161.156,2024-09-23 08:44:01,161.002,465545
127597261,2024-09-23 05:44:38,buy ,1.00,xauusd,2623.55,2024-09-23 05:45:51,2623.43,472774
127597445,2024-09-23 05:45:57,buy ,1.00,xauusd,2622.75,2024-09-23 05:52:31,2624.23,475139
127597609,2024-09-23 05:53:18,buy ,1.00,xauusd,2624.68,2024-09-23 06:36:50,2630.47,488366
127597877,2024-09-23 05:57:49,sell,1.00,xauusd,2625.77,2024-09-23 06:04:07,2626.08,496529
127598238,2024-09-23 06:04:17,sell,1.00,xauusd,2626.81,2024-09-23 06:07:07,2627.54,508138
127598424,2024-09-23 06:07:31,sell,1.00,xauusd,2628.03,2024-09-23 06:07:53,2627.34,513971
127598454,2024-09-23 06:08:33,sell,1.00,xauusd,2627.84,2024-09-23 06:29:38,2630.43,515834
127598868,2024-09-23 06:17:43,buy ,1.00,eurjpy,161.124,2024-09-23 07:25:05,161.063,532318
127599342,2024-09-23 06:29:43,sell,1.00,xauusd,2630.93,2024-09-23 07:07:26,2628.44,553932
127599643,2024-09-23 06:36:51,buy ,1.00,xauusd,2629.99,2024-09-23 07:56:57,2629.73,566760
127599784,2024-09-23 06:41:10,sell,1.00,usdjpy,144.312,2024-09-23 09:24:01,144.158,574540
127600563,2024-09-23 07:07:53,sell,1.00,xauusd,2629.27,2024-09-23 08:57:20,2628.87,622605
127601017,2024-09-23 07:26:00,buy ,1.00,eurjpy,161.033,2024-09-23 07:27:52,161.042,655224
127601038,2024-09-23 07:27:53,buy ,1.00,usdjpy,144.230,2024-09-23 08:22:16,144.184,658628
127601048,2024-09-23 07:27:56,buy ,1.00,eurjpy,161.012,2024-09-23 08:21:25,160.975,658699
127601616,2024-09-23 07:56:57,buy ,1.00,xauusd,2629.33,2024-09-23 08:10:20,2628.37,710966
127602219,2024-09-23 08:11:00,buy ,1.00,xauusd,2628.00,2024-09-23 09:07:52,2630.16,736207
127602745,2024-09-23 08:24:10,buy ,1.00,eurjpy,160.945,2024-09-23 09:27:58,160.800,759922
127602750,2024-09-23 08:24:14,buy ,1.00,usdjpy,144.160,2024-09-23 09:47:18,143.918,760057
127603634,2024-09-23 08:50:00,sell,1.00,eurjpy,160.982,2024-09-23 09:02:34,160.848,806433
127604020,2024-09-23 08:59:45,sell,1.00,xauusd,2630.13,2024-09-23 09:04:41,2628.62,823982
127604286,2024-09-23 09:02:45,sell,1.00,eurjpy,160.875,2024-09-23 09:05:32,160.836,829392
127604389,2024-09-23 09:04:55,sell,1.00,xauusd,2629.12,2024-09-23 09:11:01,2628.76,833263
127604506,2024-09-23 09:06:28,sell,1.00,eurjpy,160.881,2024-09-23 09:24:01,160.845,836078
127604654,2024-09-23 09:07:54,buy ,1.00,xauusd,2629.55,2024-09-23 10:09:26,2621.74,838637
127604884,2024-09-23 09:11:20,sell,1.00,xauusd,2628.30,2024-09-23 09:55:05,2625.16,844847
127605446,2024-09-23 09:24:02,sell,1.00,usdjpy,144.183,2024-09-23 09:36:17,143.937,867702
127605471,2024-09-23 09:24:26,sell,1.00,eurjpy,160.875,2024-09-23 09:55:14,160.648,868405
127605721,2024-09-23 09:28:00,buy ,1.00,eurjpy,160.772,2024-09-23 09:31:00,160.700,874843
127606144,2024-09-23 09:33:59,buy ,1.00,eurjpy,160.670,2024-09-23 09:34:13,160.667,885604
127606175,2024-09-23 09:34:19,buy ,1.00,eurjpy,160.636,2024-09-23 09:41:37,160.625,886205
127606360,2024-09-23 09:38:02,sell,1.00,usdjpy,143.909,2024-09-23 09:51:13,143.890,892901
127606547,2024-09-23 09:42:23,buy ,1.00,eurjpy,160.595,2024-09-23 09:43:16,160.604,900721
127606631,2024-09-23 09:44:19,buy ,1.00,eurjpy,160.638,2024-09-23 10:09:20,160.344,904202
127606784,2024-09-23 09:47:31,buy ,1.00,usdjpy,143.946,2024-09-23 10:15:00,143.825,909964
127607091,2024-09-23 09:52:31,sell,1.00,usdjpy,143.965,2024-09-23 10:15:03,143.726,918956
127607302,2024-09-23 09:55:49,sell,1.00,xauusd,2624.69,2024-09-23 10:07:14,2620.98,924881
127607311,2024-09-23 09:55:57,sell,1.00,eurjpy,160.613,2024-09-23 10:17:27,159.837,925152
127608898,2024-09-23 10:07:15,sell,1.00,xauusd,2621.58,2024-09-23 10:17:04,2619.86,945464
127609154,2024-09-23 10:09:29,buy ,1.00,xauusd,2621.24,2024-09-23 10:15:00,2621.33,949500
127609206,2024-09-23 10:09:41,buy ,1.00,eurjpy,160.314,2024-09-23 10:11:39,160.279,949871
127609490,2024-09-23 10:11:41,buy ,1.00,eurjpy,160.249,2024-09-23 10:15:37,159.867,953469
127609845,2024-09-23 10:15:02,sell,1.00,usdcad,1.35764,2024-09-23 10:30:00,1.35767,959491
127609920,2024-09-23 10:15:02,buy ,1.00,eurusd,1.11224,2024-09-23 10:15:04,1.11202,959505
127609937,2024-09-23 10:15:03,buy ,1.00,usdjpy,143.726,2024-09-23 10:15:05,143.726,959520
127610015,2024-09-23 10:15:04,sell,1.00,usdjpy,143.756,2024-09-23 10:22:54,143.756,959538
127610039,2024-09-23 10:15:04,buy ,1.00,gbpusd,1.32751,2024-09-23 10:30:00,1.32801,959556
127610202,2024-09-23 10:15:06,buy ,1.00,xauusd,2620.12,2024-09-23 10:35:54,2617.62,959594
127610207,2024-09-23 10:15:06,buy ,1.00,eurusd,1.11187,2024-09-23 10:15:11,1.11191,959624
127610238,2024-09-23 10:15:07,buy ,1.00,usdjpy,143.758,2024-09-23 10:15:37,143.752,959668
127610411,2024-09-23 10:15:34,buy ,1.00,audusd,0.68048,2024-09-23 10:30:00,0.68066,960454
127610446,2024-09-23 10:15:39,buy ,1.00,eurusd,1.11222,2024-09-23 10:30:00,1.11266,960612
127610460,2024-09-23 10:15:43,buy ,1.00,usdjpy,143.727,2024-09-23 10:29:59,143.745,960709
127610554,2024-09-23 10:16:06,buy ,1.00,eurjpy,159.830,2024-09-23 10:20:01,159.737,961414
127610686,2024-09-23 10:16:51,sell,1.00,eurusd,1.11219,2024-09-23 16:45:00,1.11313,962733
127610741,2024-09-23 10:17:05,sell,1.00,xauusd,2620.38,2024-09-23 10:30:05,2619.89,963167
127610804,2024-09-23 10:17:50,sell,1.00,eurjpy,159.865,2024-09-23 10:18:28,159.792,964521
127610930,2024-09-23 10:18:37,sell,1.00,eurjpy,159.824,2024-09-23 10:18:48,159.821,965952
127610988,2024-09-23 10:19:08,sell,1.00,eurjpy,159.793,2024-09-23 10:19:11,159.771,966870
127611026,2024-09-23 10:19:24,sell,1.00,eurjpy,159.734,2024-09-23 10:19:56,159.703,967347
127611180,2024-09-23 10:20:01,sell,1.00,eurjpy,159.733,2024-09-23 10:23:11,159.849,968433
127611408,2024-09-23 10:21:44,buy ,1.00,eurjpy,159.812,2024-09-23 10:24:31,159.820,971530
127611571,2024-09-23 10:24:00,sell,1.00,usdjpy,143.718,2024-09-23 10:37:14,143.666,975652
127611603,2024-09-23 10:24:27,sell,1.00,eurjpy,159.821,2024-09-23 10:34:17,159.681,976437
127611610,2024-09-23 10:24:33,buy ,1.00,eurjpy,159.793,2024-09-23 10:27:50,159.906,976595
127611881,2024-09-23 10:28:25,buy ,1.00,eurjpy,159.936,2024-09-23 10:33:21,159.839,983564
127612068,2024-09-23 10:30:00,buy ,1.00,gbpusd,1.32767,2024-09-23 10:30:01,1.32729,986435
127612083,2024-09-23 10:30:01,buy ,1.00,usdjpy,143.688,2024-09-23 11:00:03,143.660,986459
127612275,2024-09-23 10:30:03,buy ,1.00,eurusd,1.11168,2024-09-23 10:30:20,1.11111,986517
127612329,2024-09-23 10:30:09,sell,1.00,xauusd,2619.48,2024-09-23 10:35:21,2616.99,986699
127612407,2024-09-23 10:30:23,buy ,1.00,eurusd,1.11088,2024-09-23 16:45:03,1.11366,987115
127612408,2024-09-23 10:30:24,buy ,1.00,audusd,0.68044,2024-09-25 04:22:10,0.68980,987144
127612447,2024-09-23 10:30:30,buy ,1.00,gbpusd,1.32691,2024-09-23 10:38:44,1.32759,987303
127612454,2024-09-23 10:30:36,sell,1.00,usdcad,1.35803,2024-09-23 23:45:21,1.35322,987515
127612647,2024-09-23 10:33:26,buy ,1.00,eurjpy,159.810,2024-09-23 10:33:43,159.776,992612
127612667,2024-09-23 10:33:46,buy ,1.00,eurjpy,159.746,2024-09-23 10:36:26,159.688,993209
127612736,2024-09-23 10:34:24,sell,1.00,eurjpy,159.711,2024-09-23 10:35:02,159.604,994333
127612936,2024-09-23 10:35:28,sell,1.00,xauusd,2617.48,2024-09-23 10:36:51,2616.53,996274
127612958,2024-09-23 10:35:45,sell,1.00,eurjpy,159.634,2024-09-23 10:37:14,159.644,996774
127612997,2024-09-23 10:36:10,buy ,1.00,xauusd,2616.48,2024-09-23 10:39:43,2615.75,997519
127613009,2024-09-23 10:36:27,buy ,1.00,eurjpy,159.658,2024-09-23 10:38:45,159.741,998032
127613046,2024-09-23 10:37:01,sell,1.00,xauusd,2616.07,2024-09-23 10:38:25,2615.06,999056
127613133,2024-09-23 10:37:50,sell,1.00,usdjpy,143.690,2024-09-23 10:41:42,143.655,1000523
127613157,2024-09-23 10:38:01,sell,1.00,eurjpy,159.716,2024-09-23 10:39:06,159.731,1000835
127613165,2024-09-23 10:38:02,sell,1.00,gbpusd,1.32758,2024-09-23 11:35:03,1.32615,1000898
127613240,2024-09-23 10:38:33,sell,1.00,xauusd,2615.89,2024-09-23 10:47:18,2613.99,1001825
127613300,2024-09-23 10:38:54,buy ,1.00,eurjpy,159.701,2024-09-23 10:40:23,159.712,1002445
127613347,2024-09-23 10:39:07,buy ,1.00,gbpusd,1.32722,2024-09-23 11:08:53,1.32554,1002822
127613382,2024-09-23 10:39:21,sell,1.00,eurjpy,159.755,2024-09-23 10:41:16,159.598,1003264
127613505,2024-09-23 10:40:06,buy ,1.00,xauusd,2615.26,2024-09-23 10:40:44,2615.85,1004623
127613526,2024-09-23 10:40:40,buy ,1.00,eurjpy,159.671,2024-09-23 10:42:24,159.542,1005633
127613546,2024-09-23 10:40:53,buy ,1.00,xauusd,2615.35,2024-09-23 10:44:34,2616.59,1006029
127613583,2024-09-23 10:41:20,sell,1.00,eurjpy,159.622,2024-09-23 10:41:48,159.589,1006831
127613626,2024-09-23 10:42:00,sell,1.00,usdjpy,143.625,2024-09-23 10:47:24,143.615,1008019
127613641,2024-09-23 10:42:05,sell,1.00,eurjpy,159.559,2024-09-23 10:47:24,159.518,1008156
127613676,2024-09-23 10:42:30,buy ,1.00,eurjpy,159.516,2024-09-23 10:43:01,159.520,1008917
127613765,2024-09-23 10:43:24,buy ,1.00,eurjpy,159.548,2024-09-23 10:46:45,159.536,1010553
127614167,2024-09-23 10:46:26,buy ,1.00,xauusd,2615.55,2024-09-23 10:55:37,2615.16,1016013
127614190,2024-09-23 10:46:49,buy ,1.00,eurjpy,159.506,2024-09-23 10:56:06,159.571,1016720
127614308,2024-09-23 10:47:38,sell,1.00,eurjpy,159.548,2024-09-23 10:52:59,159.503,1018181
127614313,2024-09-23 10:47:43,sell,1.00,usdjpy,143.634,2024-09-23 10:56:31,143.701,1018293
127614341,2024-09-23 10:48:21,sell,1.00,xauusd,2614.48,2024-09-23 11:03:49,2616.41,1019463
127614798,2024-09-23 10:54:13,sell,1.00,eurjpy,159.532,2024-09-23 11:15:37,159.156,1030042
127614917,2024-09-23 10:55:40,buy ,1.00,xauusd,2614.66,2024-09-23 11:22:33,2619.29,1032634
127614953,2024-09-23 10:56:30,buy ,1.00,eurjpy,159.532,2024-09-23 10:58:11,159.536,1034121
127614968,2024-09-23 10:56:36,sell,1.00,usdjpy,143.725,2024-09-23 11:15:08,143.572,1034326
127615083,2024-09-23 10:58:52,buy ,1.00,eurjpy,159.507,2024-09-23 10:58:54,159.516,1038378
127615640,2024-09-23 11:00:05,buy ,1.00,eurjpy,159.449,2024-09-23 11:07:59,159.427,1040577
127615803,2024-09-23 11:00:19,buy ,1.00,usdjpy,143.618,2024-09-23 11:08:48,143.713,1041013
127616646,2024-09-23 11:04:03,sell,1.00,xauusd,2616.95,2024-09-23 11:14:58,2616.39,1047741
127617045,2024-09-23 11:08:16,buy ,1.00,eurjpy,159.397,2024-09-23 11:08:20,159.411,1055310
127617089,2024-09-23 11:09:01,buy ,1.00,eurjpy,159.365,2024-09-23 11:20:08,159.261,1056663
127617095,2024-09-23 11:09:02,buy ,1.00,usdjpy,143.675,2024-09-23 12:16:40,143.698,1056672
127617571,2024-09-23 11:13:52,buy ,1.00,gbpusd,1.32524,2024-09-23 11:30:00,1.32597,1065390
127618028,2024-09-23 11:15:08,sell,1.00,xauusd,2617.02,2024-09-23 11:20:00,2617.14,1067658
127618094,2024-09-23 11:15:51,sell,1.00,usdjpy,143.615,2024-09-23 11:28:45,143.517,1068933
127618096,2024-09-23 11:15:53,sell,1.00,eurjpy,159.196,2024-09-23 11:28:45,159.211,1069021
127618354,2024-09-23 11:20:05,sell,1.00,xauusd,2617.64,2024-09-23 12:35:36,2619.28,1076591
127618430,2024-09-23 11:20:57,buy ,1.00,eurjpy,159.212,2024-09-23 11:25:20,159.094,1078114
127618753,2024-09-23 11:25:13,buy ,1.00,xauusd,2619.22,2024-09-23 11:29:16,2616.93,1085795
127618800,2024-09-23 11:25:45,buy ,1.00,eurjpy,159.064,2024-09-23 11:27:43,159.169,1086779
127618887,2024-09-23 11:27:49,buy ,1.00,eurjpy,159.140,2024-09-23 11:33:45,159.260,1090478
127618974,2024-09-23 11:29:20,buy ,1.00,xauusd,2616.43,2024-09-23 11:45:32,2616.47,1093229
127618989,2024-09-23 11:30:00,sell,1.00,eurjpy,159.172,2024-09-23 11:33:15,159.212,1094431
127619198,2024-09-23 11:30:03,buy ,1.00,gbpusd,1.32546,2024-09-23 11:30:15,1.32589,1094500
127619249,2024-09-23 11:30:36,sell,1.00,usdjpy,143.534,2024-09-23 11:33:15,143.518,1095512
127619405,2024-09-23 11:32:17,buy ,1.00,gbpusd,1.32623,2024-09-23 16:45:03,1.33326,1098532
127619467,2024-09-23 11:33:16,sell,1.00,usdjpy,143.542,2024-09-23 11:36:02,143.600,1100310
127619478,2024-09-23 11:33:32,sell,1.00,eurjpy,159.261,2024-09-23 11:36:02,159.306,1100780
127619504,2024-09-23 11:34:04,buy ,1.00,eurjpy,159.291,2024-09-23 11:49:54,159.356,1101729
127619610,2024-09-23 11:35:49,sell,1.00,gbpusd,1.32646,2024-09-23 16:45:00,1.33291,1104905
127619627,2024-09-23 11:36:15,sell,1.00,eurjpy,159.276,2024-09-23 11:41:49,159.210,1105679
127619628,2024-09-23 11:36:18,sell,1.00,usdjpy,143.571,2024-09-23 11:41:49,143.590,1105751
127619872,2024-09-23 11:41:49,sell,1.00,eurjpy,159.238,2024-09-23 11:48:46,159.312,1115702
127619877,2024-09-23 11:41:55,sell,1.00,usdjpy,143.623,2024-09-23 11:53:04,143.566,1115876
127620278,2024-09-23 11:45:58,buy ,1.00,xauusd,2615.89,2024-09-23 12:24:04,2618.95,1123190
127620367,2024-09-23 11:49:00,sell,1.00,eurjpy,159.339,2024-09-23 12:04:31,159.344,1128603
127620557,2024-09-23 11:53:03,buy ,1.00,eurjpy,159.328,2024-09-23 12:05:26,159.344,1135895
127620698,2024-09-23 11:55:27,sell,1.00,usdjpy,143.645,2024-09-23 13:00:05,143.632,1140217
127621345,2024-09-23 12:04:56,sell,1.00,eurjpy,159.372,2024-09-23 12:10:26,159.480,1157293
127621420,2024-09-23 12:06:18,buy ,1.00,eurjpy,159.371,2024-09-23 12:16:40,159.543,1159768
127621664,2024-09-23 12:10:39,sell,1.00,eurjpy,159.510,2024-09-23 12:53:42,159.482,1167600
127622138,2024-09-23 12:16:40,buy ,1.00,usdjpy,143.673,2024-09-23 12:30:32,143.670,1178435
127622164,2024-09-23 12:17:06,buy ,1.00,eurjpy,159.514,2024-09-23 12:18:22,159.589,1179200
127622360,2024-09-23 12:20:04,buy ,1.00,eurjpy,159.561,2024-09-23 12:24:07,159.627,1184547
127622579,2024-09-23 12:24:15,buy ,1.00,xauusd,2618.55,2024-09-23 13:55:29,2621.97,1192080
127622586,2024-09-23 12:24:26,buy ,1.00,eurjpy,159.659,2024-09-23 12:25:12,159.660,1192414
127622680,2024-09-23 12:25:49,buy ,1.00,eurjpy,159.630,2024-09-23 12:31:16,159.603,1194883
127623054,2024-09-23 12:30:36,buy ,1.00,usdjpy,143.653,2024-09-23 12:55:20,143.605,1203521
127623134,2024-09-23 12:33:35,buy ,1.00,eurjpy,159.513,2024-09-23 12:55:20,159.500,1208883
127623225,2024-09-23 12:35:35,sell,1.00,xauusd,2619.74,2024-09-23 12:46:59,2619.96,1212513
127623866,2024-09-23 12:48:14,sell,1.00,xauusd,2620.42,2024-09-23 12:53:24,2621.20,1235248
127624082,2024-09-23 12:53:36,sell,1.00,xauusd,2621.63,2024-09-23 13:06:44,2622.07,1244898
127624139,2024-09-23 12:54:32,sell,1.00,eurjpy,159.517,2024-09-23 14:13:06,159.336,1246582
127624194,2024-09-23 12:55:20,buy ,14.00,usdjpy,143.582,2024-09-23 13:34:23,143.425,1248031
127624628,2024-09-23 13:00:06,buy ,1.00,eurjpy,159.536,2024-09-23 13:10:59,159.361,1256594
127624651,2024-09-23 13:00:17,sell,1.00,usdjpy,143.657,2024-09-23 15:17:29,143.697,1256917
127625072,2024-09-23 13:06:52,sell,1.00,xauusd,2621.65,2024-09-23 13:08:19,2621.01,1268803
127625216,2024-09-23 13:09:05,sell,1.00,xauusd,2621.97,2024-09-23 13:11:13,2622.12,1272766
127625382,2024-09-23 13:11:36,buy ,1.00,eurjpy,159.314,2024-09-23 13:34:23,159.414,1277288
127625519,2024-09-23 13:13:59,sell,1.00,xauusd,2622.62,2024-09-23 13:53:31,2621.39,1281578
127626852,2024-09-23 13:36:41,buy ,1.00,eurjpy,159.384,2024-09-23 13:38:17,159.347,1322460
127626857,2024-09-23 13:36:46,buy ,1.00,usdjpy,143.407,2024-09-23 13:51:51,143.337,1322619
127627127,2024-09-23 13:40:51,buy ,1.00,eurjpy,159.361,2024-09-23 13:48:08,159.350,1329975
127627671,2024-09-23 13:49:02,buy ,1.00,eurjpy,159.307,2024-09-23 13:51:50,159.274,1344782
127627874,2024-09-23 13:52:53,buy ,1.00,usdjpy,143.307,2024-09-23 14:03:45,143.328,1351680
127627905,2024-09-23 13:53:31,sell,1.00,xauusd,2621.92,2024-09-23 14:03:16,2622.31,1352796
127628006,2024-09-23 13:55:04,buy ,1.00,eurjpy,159.243,2024-09-23 14:08:16,159.211,1355566
127628156,2024-09-23 13:56:28,buy ,1.00,xauusd,2622.26,2024-09-23 14:03:24,2622.96,1358094
127628883,2024-09-23 14:03:17,sell,1.00,xauusd,2622.80,2024-09-23 14:26:38,2622.22,1370375
127628898,2024-09-23 14:03:35,buy ,1.00,xauusd,2622.20,2024-09-23 14:07:21,2622.69,1370901
127628905,2024-09-23 14:03:49,buy ,1.00,usdjpy,143.309,2024-09-23 14:19:50,143.341,1371312
127629149,2024-09-23 14:07:29,buy ,1.00,xauusd,2622.21,2024-09-23 15:18:55,2621.70,1377943
127629308,2024-09-23 14:10:15,buy ,1.00,eurjpy,159.241,2024-09-23 14:19:50,159.435,1382911
127629481,2024-09-23 14:13:35,sell,1.00,eurjpy,159.316,2024-09-23 14:45:43,159.599,1388905
127630073,2024-09-23 14:20:27,buy ,1.00,eurjpy,159.463,2024-09-23 14:56:14,159.753,1401256
127630081,2024-09-23 14:20:36,buy ,1.00,usdjpy,143.372,2024-09-23 15:40:02,143.812,1401527
127630425,2024-09-23 14:26:57,sell,1.00,xauusd,2622.83,2024-09-23 14:30:30,2623.01,1412965
127630699,2024-09-23 14:30:58,sell,1.00,xauusd,2623.97,2024-09-23 14:49:58,2623.85,1420202
127631845,2024-09-23 14:46:29,sell,1.00,eurjpy,159.645,2024-09-23 14:47:02,159.639,1448134
127632014,2024-09-23 14:48:54,sell,1.00,eurjpy,159.707,2024-09-23 15:23:18,159.721,1452468
127632071,2024-09-23 14:49:59,sell,1.00,xauusd,2624.29,2024-09-23 15:23:18,2620.83,1454419
127632387,2024-09-23 14:57:07,buy ,1.00,eurjpy,159.723,2024-09-23 14:57:33,159.723,1467250
127632413,2024-09-23 14:57:38,buy ,1.00,eurjpy,159.694,2024-09-23 15:40:02,159.851,1468204
127634058,2024-09-23 15:18:05,sell,1.00,usdjpy,143.737,2024-09-23 15:30:10,143.773,1505017
127634219,2024-09-23 15:19:06,buy ,1.00,xauusd,2622.12,2024-09-23 15:21:35,2621.62,1506821
127634557,2024-09-23 15:21:40,buy ,1.00,xauusd,2621.07,2024-09-23 16:03:23,2627.75,1511453
127634977,2024-09-23 15:25:06,sell,1.00,xauusd,2621.18,2024-09-23 15:40:02,2622.70,1517653
127635058,2024-09-23 15:25:46,sell,1.00,eurjpy,159.751,2024-09-23 15:30:35,159.788,1518832
127635500,2024-09-23 15:30:41,sell,1.00,usdjpy,143.828,2024-09-23 15:34:47,143.855,1527682
127635514,2024-09-23 15:30:52,sell,1.00,eurjpy,159.826,2024-09-23 15:49:23,159.779,1528033
127636050,2024-09-23 15:39:03,sell,1.00,usdjpy,143.826,2024-09-23 15:49:23,143.690,1542751
127636609,2024-09-23 15:40:31,buy ,1.00,eurjpy,159.821,2024-09-23 17:00:07,160.387,1545385
127636838,2024-09-23 15:40:38,sell,1.00,xauusd,2623.31,2024-09-23 15:41:36,2622.34,1545607
127636932,2024-09-23 15:41:05,buy ,1.00,usdjpy,143.772,2024-09-23 16:15:18,143.789,1546398
127637187,2024-09-23 15:42:31,sell,1.00,xauusd,2623.20,2024-09-23 15:57:09,2626.33,1548984
127638732,2024-09-23 15:49:24,sell,1.00,usdjpy,143.715,2024-09-23 15:54:42,143.743,1561376
127638765,2024-09-23 15:49:38,sell,1.00,eurjpy,159.808,2024-09-23 15:55:08,159.921,1561808
127639791,2024-09-23 15:55:09,sell,1.00,usdjpy,143.789,2024-09-23 16:23:01,143.870,1571715
127639810,2024-09-23 15:55:13,sell,1.00,eurjpy,159.951,2024-09-23 16:01:56,159.934,1571856
127640284,2024-09-23 15:57:17,sell,1.00,xauusd,2626.83,2024-09-23 16:02:19,2626.10,1575549
127642026,2024-09-23 16:01:57,sell,1.00,eurjpy,159.959,2024-09-23 16:18:44,160.013,1583956
127642217,2024-09-23 16:02:42,sell,1.00,xauusd,2626.95,2024-09-23 16:03:38,2627.05,1585316
127642436,2024-09-23 16:03:24,buy ,1.00,xauusd,2627.24,2024-09-23 16:17:09,2629.69,1586581
127642501,2024-09-23 16:03:38,sell,1.00,xauusd,2627.50,2024-09-23 16:05:18,2628.04,1587002
127642946,2024-09-23 16:05:35,sell,1.00,xauusd,2627.62,2024-09-23 16:10:09,2627.85,1590520
127644176,2024-09-23 16:11:35,sell,1.00,xauusd,2628.31,2024-09-23 16:25:13,2629.33,1601309
127645246,2024-09-23 16:16:28,buy ,1.00,usdjpy,143.727,2024-09-23 16:24:23,143.899,1610092
127645359,2024-09-23 16:17:27,buy ,1.00,xauusd,2629.08,2024-09-23 16:23:01,2628.87,1611860
127645621,2024-09-23 16:19:41,sell,1.00,eurjpy,160.044,2024-09-23 16:21:06,160.083,1615864
127646081,2024-09-23 16:22:37,sell,1.00,eurjpy,160.113,2024-09-23 17:00:18,160.388,1621175
127646164,2024-09-23 16:23:01,sell,1.00,usdjpy,143.893,2024-09-23 16:28:25,143.864,1621899
127646427,2024-09-23 16:24:27,buy ,1.00,xauusd,2629.29,2024-09-23 16:31:04,2629.21,1624460
127646840,2024-09-23 16:25:59,buy ,1.00,usdjpy,143.855,2024-09-23 16:31:08,143.838,1627224
127646905,2024-09-23 16:26:14,sell,1.00,xauusd,2630.09,2024-09-23 16:28:15,2630.21,1627672
127647359,2024-09-23 16:28:16,sell,1.00,xauusd,2630.68,2024-09-23 16:36:14,2627.37,1631328
127648103,2024-09-23 16:30:33,sell,1.00,usdjpy,143.836,2024-09-23 16:33:17,143.862,1635458
127648251,2024-09-23 16:31:05,buy ,1.00,xauusd,2628.43,2024-09-23 16:32:49,2627.74,1636399
127648731,2024-09-23 16:32:35,buy ,1.00,usdjpy,143.805,2024-09-23 16:32:37,143.803,1639112
127648782,2024-09-23 16:32:46,buy ,1.00,usdjpy,143.834,2024-09-23 16:45:00,143.550,1639439
127648901,2024-09-23 16:33:12,buy ,1.00,xauusd,2626.92,2024-09-23 16:45:17,2629.67,1640201
127648947,2024-09-23 16:33:18,sell,1.00,usdjpy,143.887,2024-09-23 16:40:29,143.796,1640386
127649995,2024-09-23 16:36:35,sell,1.00,xauusd,2627.97,2024-09-23 16:40:32,2628.82,1646311
127651213,2024-09-23 16:40:36,sell,1.00,xauusd,2629.52,2024-09-23 16:42:01,2630.81,1653541
127651255,2024-09-23 16:40:47,sell,1.00,usdjpy,143.820,2024-09-23 16:45:01,143.590,1653880
127651714,2024-09-23 16:42:03,sell,1.00,xauusd,2631.52,2024-09-23 16:45:00,2630.62,1656147
127652634,2024-09-23 16:45:01,sell,1.00,xauusd,2632.27,2024-09-23 16:45:04,2631.03,1661472
127652669,2024-09-23 16:45:01,buy ,1.00,usdjpy,143.535,2024-09-23 16:45:27,143.951,1661485
127652694,2024-09-23 16:45:01,sell,1.00,gbpusd,1.33327,2024-09-23 16:54:23,1.33222,1661485
127652717,2024-09-23 16:45:01,sell,1.00,audusd,0.68441,2024-09-26 04:00:02,0.68298,1661494
127652720,2024-09-23 16:45:01,sell,1.00,eurusd,1.11362,2024-09-24 17:00:03,1.11400,1661494
127652911,2024-09-23 16:45:03,sell,1.00,usdjpy,143.731,2024-09-23 16:45:05,143.660,1661548
127653044,2024-09-23 16:45:10,sell,1.00,xauusd,2630.76,2024-09-23 16:47:47,2627.35,1661760
127653058,2024-09-23 16:45:11,buy ,1.00,usdcad,1.35247,2024-09-27 15:30:03,1.34826,1661766
127653081,2024-09-23 16:45:11,sell,1.00,usdjpy,143.822,2024-09-23 16:45:17,143.830,1661784
127653108,2024-09-23 16:45:14,buy ,1.00,eurusd,1.11325,2024-09-25 17:52:07,1.11711,1661887
127653109,2024-09-23 16:45:14,buy ,1.00,gbpusd,1.33291,2024-09-25 04:22:08,1.34232,1661887
127653187,2024-09-23 16:45:19,buy ,1.00,xauusd,2628.82,2024-09-23 16:46:06,2627.47,1662022
127653221,2024-09-23 16:45:21,sell,1.00,usdjpy,143.964,2024-09-23 16:45:23,143.964,1662082
127653291,2024-09-23 16:45:25,sell,1.00,usdjpy,143.982,2024-09-23 16:45:28,143.938,1662200
127653342,2024-09-23 16:45:28,buy ,1.00,usdjpy,143.927,2024-09-23 16:45:48,144.118,1662272
127653394,2024-09-23 16:45:31,sell,1.00,usdjpy,143.974,2024-09-23 16:45:37,143.989,1662380
127653471,2024-09-23 16:45:40,sell,1.00,usdjpy,144.020,2024-09-23 16:45:42,144.057,1662623
127653530,2024-09-23 16:45:45,sell,1.00,usdjpy,144.105,2024-09-23 16:47:17,144.155,1662814
127653560,2024-09-23 16:45:48,buy ,1.00,usdjpy,144.094,2024-09-23 16:46:01,144.139,1662903
127653749,2024-09-23 16:46:06,buy ,1.00,usdjpy,144.115,2024-09-23 16:47:33,144.167,1663442
127653754,2024-09-23 16:46:07,buy ,1.00,xauusd,2627.02,2024-09-23 16:46:22,2626.69,1663459
127654030,2024-09-23 16:46:45,buy ,1.00,xauusd,2626.92,2024-09-23 16:46:50,2626.76,1664598
127654107,2024-09-23 16:47:00,buy ,1.00,xauusd,2627.20,2024-09-23 16:50:31,2630.51,1665032
127654258,2024-09-23 16:47:23,sell,1.00,usdjpy,144.202,2024-09-23 16:47:46,144.167,1665742
127654339,2024-09-23 16:47:36,buy ,1.00,usdjpy,144.138,2024-09-23 16:50:49,144.021,1666122
127654422,2024-09-23 16:47:53,sell,1.00,usdjpy,144.162,2024-09-23 16:49:02,144.112,1666629
127654430,2024-09-23 16:47:53,sell,1.00,xauusd,2628.53,2024-09-23 16:48:28,2629.74,1666647
127654741,2024-09-23 16:48:39,sell,1.00,xauusd,2629.31,2024-09-23 16:49:57,2630.13,1668003
127654872,2024-09-23 16:49:05,sell,1.00,usdjpy,144.140,2024-09-23 16:50:18,143.999,1668777
127655235,2024-09-23 16:50:01,sell,1.00,xauusd,2630.65,2024-09-23 16:50:40,2629.62,1670493
127655368,2024-09-23 16:50:22,sell,1.00,usdjpy,144.031,2024-09-23 16:51:10,143.995,1671091
127655437,2024-09-23 16:50:34,buy ,1.00,xauusd,2629.89,2024-09-23 16:51:11,2632.39,1671468
127655543,2024-09-23 16:50:49,sell,1.00,xauusd,2631.20,2024-09-23 16:53:07,2631.79,1671927
127655657,2024-09-23 16:51:01,buy ,1.00,usdjpy,143.974,2024-09-23 16:51:57,144.029,1672273
127655756,2024-09-23 16:51:12,buy ,1.00,xauusd,2631.99,2024-09-23 16:51:27,2631.16,1672614
127655792,2024-09-23 16:51:16,sell,1.00,usdjpy,144.027,2024-09-23 16:51:27,144.040,1672748
127655898,2024-09-23 16:51:33,buy ,1.00,xauusd,2630.61,2024-09-23 16:55:51,2633.81,1673253
127655900,2024-09-23 16:51:34,sell,1.00,usdjpy,144.020,2024-09-23 16:53:34,144.021,1673264
127656173,2024-09-23 16:52:20,buy ,1.00,usdjpy,144.004,2024-09-23 16:52:48,144.014,1674650
127656317,2024-09-23 16:52:50,buy ,1.00,usdjpy,143.999,2024-09-23 17:54:29,143.783,1675544
127656388,2024-09-23 16:53:08,sell,1.00,xauusd,2632.34,2024-09-23 16:53:34,2630.78,1676085
127656540,2024-09-23 16:53:36,sell,1.00,xauusd,2631.54,2024-09-23 16:53:44,2630.71,1676924
127656566,2024-09-23 16:53:39,sell,1.00,usdjpy,144.058,2024-09-23 16:54:50,143.988,1677034
127656619,2024-09-23 16:53:45,sell,1.00,xauusd,2631.21,2024-09-23 16:54:20,2632.47,1677183
127656821,2024-09-23 16:54:23,sell,1.00,xauusd,2633.49,2024-09-23 16:55:41,2633.36,1678314
127657184,2024-09-23 16:55:10,sell,1.00,gbpusd,1.33280,2024-09-24 08:00:42,1.33611,1679743
127657208,2024-09-23 16:55:16,sell,1.00,usdjpy,144.005,2024-09-23 16:55:32,144.007,1679947
127657329,2024-09-23 16:55:43,sell,1.00,xauusd,2633.99,2024-09-23 16:56:06,2632.44,1680754
127657372,2024-09-23 16:55:54,buy ,1.00,xauusd,2633.09,2024-09-23 16:58:17,2633.66,1681076
127657487,2024-09-23 16:56:08,sell,1.00,xauusd,2633.15,2024-09-23 16:56:11,2633.02,1681478
127657679,2024-09-23 16:56:45,sell,1.00,usdjpy,144.087,2024-09-23 16:58:47,144.038,1682606
127657704,2024-09-23 16:56:50,sell,1.00,xauusd,2633.56,2024-09-23 16:57:12,2633.37,1682747
127657896,2024-09-23 16:57:31,sell,1.00,xauusd,2633.87,2024-09-23 16:58:21,2633.42,1683970
127658140,2024-09-23 16:58:17,buy ,1.00,xauusd,2633.61,2024-09-23 16:59:01,2632.89,1685380
127658177,2024-09-23 16:58:22,sell,1.00,xauusd,2632.99,2024-09-23 17:00:18,2632.22,1685527
127658333,2024-09-23 16:58:51,sell,1.00,usdjpy,144.066,2024-09-23 17:01:00,144.161,1686382
127658405,2024-09-23 16:59:02,buy ,1.00,xauusd,2632.31,2024-09-23 16:59:10,2632.58,1686722
127658681,2024-09-23 16:59:54,buy ,1.00,xauusd,2632.07,2024-09-23 17:00:30,2631.90,1688262
127659219,2024-09-23 17:00:13,buy ,1.00,eurjpy,160.416,2024-09-23 17:02:14,160.519,1688827
127659328,2024-09-23 17:00:26,sell,1.00,xauusd,2632.13,2024-09-23 17:00:31,2630.87,1689222
127659370,2024-09-23 17:00:31,buy ,1.00,xauusd,2630.94,2024-09-23 17:00:34,2631.97,1689378
127659397,2024-09-23 17:00:34,sell,1.00,xauusd,2631.83,2024-09-23 17:02:05,2632.01,1689461
127659413,2024-09-23 17:00:37,buy ,1.00,xauusd,2631.61,2024-09-23 17:02:08,2633.04,1689554
127659596,2024-09-23 17:01:03,sell,1.00,eurjpy,160.450,2024-09-23 17:18:48,160.431,1690343
127659597,2024-09-23 17:01:03,sell,1.00,usdjpy,144.186,2024-09-23 17:14:16,144.262,1690343
127659959,2024-09-23 17:02:05,sell,1.00,xauusd,2632.42,2024-09-23 17:03:03,2628.14,1692208
127660064,2024-09-23 17:02:16,buy ,1.00,xauusd,2633.62,2024-09-23 17:02:54,2630.73,1692524
127660207,2024-09-23 17:02:36,buy ,1.00,eurjpy,160.490,2024-09-23 17:04:34,160.441,1693157
127660330,2024-09-23 17:02:56,buy ,1.00,xauusd,2630.24,2024-09-23 17:03:00,2629.47,1693706
127660378,2024-09-23 17:03:01,buy ,1.00,xauusd,2628.99,2024-09-23 17:06:07,2631.04,1693863
127660411,2024-09-23 17:03:04,sell,1.00,xauusd,2628.98,2024-09-23 17:04:39,2629.52,1693989
127660771,2024-09-23 17:04:40,sell,1.00,xauusd,2630.29,2024-09-23 17:05:40,2630.27,1696834
127660853,2024-09-23 17:04:54,buy ,1.00,eurjpy,160.464,2024-09-23 17:13:06,160.463,1697253
127661165,2024-09-23 17:05:41,sell,1.00,xauusd,2630.76,2024-09-23 17:06:11,2630.23,1698674
127661266,2024-09-23 17:06:07,buy ,1.00,xauusd,2630.58,2024-09-23 17:07:28,2630.77,1699476
127661346,2024-09-23 17:06:24,sell,1.00,xauusd,2631.03,2024-09-23 17:11:14,2632.53,1699966
127661631,2024-09-23 17:07:36,buy ,1.00,xauusd,2630.32,2024-09-23 17:38:19,2633.82,1702146
127662724,2024-09-23 17:11:18,sell,1.00,xauusd,2631.82,2024-09-23 17:13:06,2630.10,1708790
127663446,2024-09-23 17:13:52,buy ,1.00,eurjpy,160.439,2024-09-23 17:36:07,160.204,1713398
127663535,2024-09-23 17:14:12,sell,1.00,xauusd,2631.32,2024-09-23 17:16:00,2630.83,1713998
127663575,2024-09-23 17:14:22,sell,1.00,usdjpy,144.287,2024-09-23 17:27:22,144.062,1714285
127664204,2024-09-23 17:16:13,sell,1.00,xauusd,2630.33,2024-09-23 17:16:27,2630.54,1717626
127664321,2024-09-23 17:16:34,sell,1.00,xauusd,2631.08,2024-09-23 17:21:37,2630.24,1718276
127665192,2024-09-23 17:19:09,sell,1.00,eurjpy,160.461,2024-09-23 17:24:02,160.314,1722937
127666133,2024-09-23 17:22:03,sell,1.00,xauusd,2631.05,2024-09-23 17:23:06,2631.35,1728149
127666425,2024-09-23 17:23:07,sell,1.00,xauusd,2631.83,2024-09-23 17:46:36,2631.20,1730075
127667087,2024-09-23 17:25:16,sell,1.00,eurjpy,160.283,2024-09-23 17:27:00,160.320,1733939
127667586,2024-09-23 17:27:12,sell,1.00,eurjpy,160.368,2024-09-23 17:37:55,160.224,1737404
127667928,2024-09-23 17:28:35,sell,1.00,usdjpy,144.033,2024-09-23 18:38:54,143.817,1739898
127670305,2024-09-23 17:36:34,buy ,1.00,eurjpy,160.175,2024-09-23 17:51:01,160.071,1754266
127670670,2024-09-23 17:38:31,buy ,1.00,xauusd,2632.84,2024-09-23 17:39:32,2631.62,1757767
127670870,2024-09-23 17:39:22,sell,1.00,eurjpy,160.192,2024-09-23 17:58:41,159.969,1759297
127670946,2024-09-23 17:39:33,buy ,1.00,xauusd,2631.06,2024-09-23 17:40:01,2630.85,1759621
127671159,2024-09-23 17:40:02,buy ,1.00,xauusd,2630.46,2024-09-23 17:42:27,2630.51,1760516
127671787,2024-09-23 17:42:29,buy ,1.00,xauusd,2630.02,2024-09-23 17:44:09,2631.63,1764920
127672176,2024-09-23 17:44:33,buy ,1.00,xauusd,2632.08,2024-09-23 17:45:24,2632.69,1768634
127672487,2024-09-23 17:45:24,buy ,1.00,xauusd,2632.28,2024-09-23 17:49:49,2631.40,1770176
127672669,2024-09-23 17:46:38,sell,1.00,xauusd,2631.66,2024-09-23 17:47:12,2631.79,1772378
127672738,2024-09-23 17:47:19,sell,1.00,xauusd,2632.29,2024-09-23 17:47:33,2631.53,1773598
127672771,2024-09-23 17:47:33,sell,1.00,xauusd,2632.02,2024-09-23 17:48:26,2631.97,1774044
127672927,2024-09-23 17:48:32,sell,1.00,xauusd,2632.64,2024-09-23 17:54:04,2630.71,1775800
127673294,2024-09-23 17:50:23,buy ,1.00,xauusd,2631.82,2024-09-23 17:50:42,2632.25,1779151
127673422,2024-09-23 17:51:24,buy ,1.00,eurjpy,160.038,2024-09-23 17:54:29,160.056,1780967
127673427,2024-09-23 17:51:31,buy ,1.00,xauusd,2631.84,2024-09-23 17:53:32,2631.86,1781175
127673728,2024-09-23 17:53:36,buy ,1.00,xauusd,2631.04,2024-09-23 17:54:26,2631.69,1784937
127673806,2024-09-23 17:54:04,sell,1.00,xauusd,2631.07,2024-09-23 18:01:41,2628.71,1785777
127673910,2024-09-23 17:54:54,buy ,1.00,xauusd,2631.14,2024-09-23 17:55:33,2630.77,1787257
127673922,2024-09-23 17:54:59,buy ,1.00,eurjpy,160.089,2024-09-23 18:00:15,160.002,1787406
127673923,2024-09-23 17:54:59,buy ,1.00,usdjpy,143.811,2024-09-23 18:00:15,143.713,1787406
127674035,2024-09-23 17:55:43,buy ,1.00,xauusd,2630.61,2024-09-23 17:56:32,2630.37,1788734
127674152,2024-09-23 17:56:43,buy ,1.00,xauusd,2629.91,2024-09-23 17:57:55,2631.07,1790546
127674331,2024-09-23 17:58:02,buy ,1.00,xauusd,2630.68,2024-09-23 18:01:32,2629.34,1792912
127674476,2024-09-23 17:58:45,sell,1.00,eurjpy,159.996,2024-09-23 19:05:16,159.739,1794197
127675059,2024-09-23 18:00:19,buy ,1.00,eurjpy,159.962,2024-09-23 18:21:24,160.122,1797012
127675064,2024-09-23 18:00:20,buy ,1.00,usdjpy,143.673,2024-09-23 18:21:24,143.783,1797061
127675238,2024-09-23 18:01:32,buy ,1.00,xauusd,2628.85,2024-09-23 18:07:25,2626.45,1799213
127675354,2024-09-23 18:02:19,sell,1.00,xauusd,2629.77,2024-09-23 18:03:53,2628.30,1800630
127675652,2024-09-23 18:04:02,sell,1.00,xauusd,2628.64,2024-09-23 18:23:32,2629.19,1803711
127676210,2024-09-23 18:07:28,buy ,1.00,xauusd,2625.98,2024-09-23 18:32:51,2631.33,1809885
127678304,2024-09-23 18:22:04,buy ,1.00,usdjpy,143.811,2024-09-23 18:56:28,143.630,1836182
127678396,2024-09-23 18:23:20,buy ,1.00,eurjpy,160.160,2024-09-23 18:39:33,160.139,1838450
127678435,2024-09-23 18:23:37,sell,1.00,xauusd,2629.80,2024-09-23 18:23:39,2629.83,1838965
127679287,2024-09-23 18:30:21,sell,1.00,xauusd,2631.39,2024-09-23 19:09:35,2629.22,1851071
127679460,2024-09-23 18:33:24,buy ,1.00,xauusd,2631.51,2024-09-23 18:33:31,2631.28,1856588
127679495,2024-09-23 18:33:46,buy ,1.00,xauusd,2630.78,2024-09-23 18:40:56,2629.99,1857246
127679812,2024-09-23 18:39:33,sell,1.00,usdjpy,143.782,2024-09-23 18:41:07,143.806,1867639
127679826,2024-09-23 18:39:42,buy ,1.00,eurjpy,160.111,2024-09-23 18:45:44,160.073,1867905
127679972,2024-09-23 18:41:02,buy ,1.00,xauusd,2630.18,2024-09-23 18:42:53,2630.38,1870304
127680000,2024-09-23 18:41:12,sell,1.00,usdjpy,143.826,2024-09-23 19:05:38,143.596,1870603
127680103,2024-09-23 18:44:10,buy ,1.00,xauusd,2629.86,2024-09-23 19:01:24,2629.68,1875949
127680280,2024-09-23 18:45:48,buy ,1.00,eurjpy,160.047,2024-09-23 18:48:39,159.978,1878907
127680520,2024-09-23 18:49:10,buy ,1.00,eurjpy,159.948,2024-09-23 19:13:01,159.618,1884928
127680935,2024-09-23 18:56:35,buy ,1.00,usdjpy,143.605,2024-09-23 19:02:23,143.539,1898293
127681649,2024-09-23 19:01:57,buy ,1.00,xauusd,2629.19,2024-09-23 19:19:05,2628.58,1907952
127681691,2024-09-23 19:02:24,buy ,1.00,usdjpy,143.514,2024-09-23 19:09:21,143.544,1908770
127681951,2024-09-23 19:05:50,sell,1.00,usdjpy,143.622,2024-09-23 19:26:43,143.381,1914967
127681972,2024-09-23 19:06:03,sell,1.00,eurjpy,159.768,2024-09-23 19:49:03,159.462,1915334
127682317,2024-09-23 19:10:02,sell,1.00,xauusd,2630.20,2024-09-23 19:16:36,2626.89,1922524
127682388,2024-09-23 19:10:45,buy ,1.00,usdjpy,143.512,2024-09-23 19:13:01,143.504,1923819
127682580,2024-09-23 19:13:03,buy ,1.00,eurjpy,159.592,2024-09-23 19:40:03,159.523,1927914
127682591,2024-09-23 19:13:04,buy ,1.00,usdjpy,143.471,2024-09-23 19:15:25,143.520,1927977
127683073,2024-09-23 19:15:26,buy ,1.00,usdjpy,143.497,2024-09-23 19:32:56,143.440,1932205
127683299,2024-09-23 19:16:44,sell,1.00,xauusd,2627.68,2024-09-23 19:20:44,2628.13,1934554
127683504,2024-09-23 19:19:22,buy ,1.00,xauusd,2628.02,2024-09-23 19:20:14,2628.70,1939293
127683665,2024-09-23 19:20:43,buy ,1.00,xauusd,2628.23,2024-09-23 19:27:40,2629.04,1941723
127683758,2024-09-23 19:21:48,sell,1.00,xauusd,2627.54,2024-09-23 19:36:00,2627.60,1943681
127684121,2024-09-23 19:26:53,sell,1.00,usdjpy,143.406,2024-09-23 19:49:03,143.362,1952818
127684172,2024-09-23 19:27:52,buy ,1.00,xauusd,2628.54,2024-09-23 20:42:13,2628.93,1954579
127684749,2024-09-23 19:33:14,buy ,1.00,usdjpy,143.412,2024-09-23 19:38:29,143.441,1964251
127684987,2024-09-23 19:36:35,sell,1.00,xauusd,2628.49,2024-09-23 19:53:19,2627.84,1970315
127685111,2024-09-23 19:38:29,buy ,1.00,usdjpy,143.416,2024-09-23 19:40:03,143.405,1973728
127685184,2024-09-23 19:40:04,buy ,1.00,usdjpy,143.384,2024-09-23 19:42:05,143.406,1976592
127685215,2024-09-23 19:40:46,buy ,1.00,eurjpy,159.486,2024-09-23 20:08:09,159.410,1977827
127685312,2024-09-23 19:42:21,buy ,1.00,usdjpy,143.387,2024-09-23 20:02:39,143.320,1980673
127685719,2024-09-23 19:49:32,sell,1.00,usdjpy,143.415,2024-09-23 20:52:35,143.348,1993629
127685720,2024-09-23 19:49:32,sell,1.00,eurjpy,159.508,2024-09-23 20:52:35,159.439,1993629
127685950,2024-09-23 19:54:29,sell,1.00,xauusd,2628.49,2024-09-23 20:02:39,2628.42,2002532
127686525,2024-09-23 20:04:07,buy ,1.00,usdjpy,143.349,2024-09-23 20:08:09,143.318,2019874
127686653,2024-09-23 20:06:02,sell,1.00,xauusd,2628.02,2024-09-23 20:20:06,2627.40,2023301
127686758,2024-09-23 20:08:22,buy ,1.00,usdjpy,143.293,2024-09-24 01:03:46,143.596,2027489
127686908,2024-09-23 20:11:17,buy ,1.00,eurjpy,159.437,2024-09-23 20:19:55,159.499,2032760
127687373,2024-09-23 20:20:19,sell,1.00,xauusd,2627.88,2024-09-23 20:35:09,2627.02,2049004
127687454,2024-09-23 20:21:18,buy ,1.00,eurjpy,159.466,2024-09-23 21:05:22,159.469,2050761
127688378,2024-09-23 20:35:51,sell,1.00,xauusd,2627.45,2024-09-23 21:05:12,2626.25,2076996
127688890,2024-09-23 20:42:14,buy ,1.00,xauusd,2628.31,2024-09-23 21:57:22,2627.64,2088464
127689525,2024-09-23 20:53:01,sell,1.00,usdjpy,143.380,2024-09-24 01:02:20,143.592,2107884
127690001,2024-09-23 21:00:18,sell,1.00,eurjpy,159.488,2024-09-24 01:15:28,159.568,2120985
127690471,2024-09-23 21:07:20,sell,1.00,xauusd,2626.73,2024-09-24 03:02:20,2624.80,2133650
127691055,2024-09-23 21:15:24,buy ,1.00,eurjpy,159.457,2024-09-24 01:23:52,159.622,2148174
127696736,2024-09-23 21:57:23,buy ,1.00,xauusd,2627.17,2024-09-24 03:00:14,2625.77,2223721
127703668,2024-09-23 23:47:26,sell,1.00,usdcad,1.35349,2024-09-23 23:48:30,1.35360,2421817
127703734,2024-09-23 23:49:47,sell,1.00,usdcad,1.35388,2024-09-23 23:53:01,1.35338,2426023
127703896,2024-09-23 23:54:33,sell,1.00,usdcad,1.35395,2024-09-23 23:55:31,1.35409,2434634
127704015,2024-09-23 23:56:20,sell,1.00,usdcad,1.35377,2024-09-26 15:30:11,1.34715,2437837
127706266,2024-09-24 01:02:24,sell,1.00,usdjpy,143.613,2024-09-24 01:15:31,143.601,2556743
127706612,2024-09-24 01:10:31,buy ,1.00,usdjpy,143.571,2024-09-24 01:29:12,143.594,2571365
127706873,2024-09-24 01:15:35,sell,1.00,eurjpy,159.595,2024-09-24 01:32:41,159.538,2580477
127706968,2024-09-24 01:17:21,sell,1.00,usdjpy,143.680,2024-09-24 02:35:31,143.668,2583654
127707466,2024-09-24 01:32:03,buy ,1.00,usdjpy,143.569,2024-09-24 02:24:34,143.590,2610109
127707468,2024-09-24 01:32:03,buy ,1.00,eurjpy,159.542,2024-09-24 02:24:34,159.513,2610135
127707535,2024-09-24 01:35:31,sell,1.00,eurjpy,159.586,2024-09-24 01:55:08,159.566,2616368
127707990,2024-09-24 01:58:54,sell,1.00,eurjpy,159.595,2024-09-24 02:35:31,159.610,2658457
127709558,2024-09-24 02:24:45,buy ,1.00,usdjpy,143.565,2024-09-24 03:37:03,143.686,2704976
127709572,2024-09-24 02:25:00,buy ,1.00,eurjpy,159.484,2024-09-24 03:27:01,159.599,2705429
127710362,2024-09-24 02:36:02,sell,1.00,usdjpy,143.692,2024-09-24 02:46:47,143.728,2725310
127710438,2024-09-24 02:37:20,sell,1.00,eurjpy,159.634,2024-09-24 02:41:16,159.624,2727629
127710732,2024-09-24 02:42:05,sell,1.00,eurjpy,159.653,2024-09-24 02:46:47,159.660,2736159
127711052,2024-09-24 02:46:49,sell,1.00,usdjpy,143.757,2024-09-24 03:09:26,143.472,2744690
127711089,2024-09-24 02:46:51,sell,1.00,eurjpy,159.683,2024-09-24 03:09:26,159.433,2744768
127712349,2024-09-24 03:00:19,buy ,1.00,xauusd,2625.32,2024-09-24 04:30:03,2628.37,2768994
127712792,2024-09-24 03:02:39,sell,1.00,xauusd,2625.52,2024-09-24 06:15:53,2630.33,2773207
127713934,2024-09-24 03:09:57,sell,1.00,usdjpy,143.495,2024-09-24 03:30:53,143.701,2786358
127714069,2024-09-24 03:10:38,sell,1.00,eurjpy,159.462,2024-09-24 03:51:16,159.576,2787570
127716775,2024-09-24 03:27:29,buy ,1.00,eurjpy,159.622,2024-09-24 03:37:03,159.582,2817907
127717314,2024-09-24 03:31:48,sell,1.00,usdjpy,143.723,2024-09-24 03:54:59,143.676,2825673
127717895,2024-09-24 03:37:05,buy ,1.00,usdjpy,143.662,2024-09-24 03:59:55,143.560,2835176
127717911,2024-09-24 03:37:08,buy ,1.00,eurjpy,159.546,2024-09-24 03:37:53,159.560,2835291
127718037,2024-09-24 03:38:16,buy ,1.00,eurjpy,159.535,2024-09-24 04:12:55,159.745,2837315
127720335,2024-09-24 03:51:56,sell,1.00,eurjpy,159.546,2024-09-24 04:03:19,159.438,2861910
127720786,2024-09-24 03:55:34,sell,1.00,usdjpy,143.720,2024-09-24 04:03:50,143.595,2868449
127721290,2024-09-24 04:03:25,buy ,1.00,usdjpy,143.590,2024-09-24 04:12:55,143.831,2882576
127721562,2024-09-24 04:03:49,sell,1.00,eurjpy,159.491,2024-09-24 04:03:50,159.499,2883306
127721875,2024-09-24 04:05:48,sell,1.00,usdjpy,143.647,2024-09-24 04:06:56,143.714,2886881
127722194,2024-09-24 04:07:09,sell,1.00,usdjpy,143.776,2024-09-24 04:09:18,143.795,2889310
127722231,2024-09-24 04:07:18,sell,1.00,eurjpy,159.690,2024-09-24 04:09:18,159.702,2889585
127722575,2024-09-24 04:09:19,sell,1.00,usdjpy,143.816,2024-09-24 04:15:53,143.790,2893214
127722603,2024-09-24 04:09:26,sell,1.00,eurjpy,159.732,2024-09-24 04:26:20,159.775,2893400
127723553,2024-09-24 04:13:21,buy ,1.00,eurjpy,159.708,2024-09-24 04:27:44,159.810,2900467
127723555,2024-09-24 04:13:22,buy ,1.00,usdjpy,143.782,2024-09-24 04:27:45,143.905,2900488
127724306,2024-09-24 04:15:57,sell,1.00,usdjpy,143.815,2024-09-24 04:31:09,143.827,2905124
127726168,2024-09-24 04:26:39,sell,1.00,eurjpy,159.803,2024-09-24 04:31:09,159.750,2924398
127726373,2024-09-24 04:27:51,buy ,1.00,eurjpy,159.780,2024-09-24 04:34:19,159.677,2926537
127726514,2024-09-24 04:28:38,buy ,1.00,usdjpy,143.869,2024-09-24 07:52:07,143.931,2927972
127726884,2024-09-24 04:30:05,buy ,1.00,xauusd,2627.84,2024-09-24 08:59:38,2626.25,2930587
127727193,2024-09-24 04:31:28,sell,1.00,usdjpy,143.797,2024-09-24 04:50:11,143.581,2933073
127727219,2024-09-24 04:31:38,sell,1.00,eurjpy,159.722,2024-09-24 05:15:45,159.373,2933358
127728072,2024-09-24 04:34:57,buy ,1.00,eurjpy,159.697,2024-09-24 06:17:36,159.545,2939319
127730829,2024-09-24 04:50:48,sell,1.00,usdjpy,143.605,2024-09-24 05:15:45,143.510,2967873
127734576,2024-09-24 05:15:46,sell,1.00,usdjpy,143.531,2024-09-24 08:00:00,143.843,3012803
127734585,2024-09-24 05:15:49,sell,1.00,eurjpy,159.404,2024-09-24 07:47:12,160.001,3012893
127740781,2024-09-24 06:15:57,sell,1.00,xauusd,2631.30,2024-09-24 06:47:36,2635.09,3121142
127741112,2024-09-24 06:18:14,buy ,1.00,eurjpy,159.557,2024-09-24 07:52:07,159.996,3125242
127744577,2024-09-24 06:47:37,sell,1.00,xauusd,2635.55,2024-09-24 06:52:08,2634.52,3178110
127745073,2024-09-24 06:52:38,sell,1.00,xauusd,2635.01,2024-09-24 08:30:30,2639.50,3187172
127750309,2024-09-24 07:49:01,sell,1.00,eurjpy,159.982,2024-09-24 07:50:23,159.985,3288667
127750414,2024-09-24 07:50:34,sell,1.00,eurjpy,160.015,2024-09-24 07:55:11,159.942,3291458
127750581,2024-09-24 07:53:08,buy ,1.00,usdjpy,143.880,2024-09-24 09:05:11,144.167,3296073
127750591,2024-09-24 07:53:12,buy ,1.00,eurjpy,159.957,2024-09-24 08:33:18,160.199,3296177
127751007,2024-09-24 07:58:13,sell,1.00,eurjpy,159.909,2024-09-24 08:00:00,159.913,3305233
127751495,2024-09-24 08:00:22,sell,1.00,usdjpy,143.874,2024-09-24 08:30:30,144.035,3309093
127751537,2024-09-24 08:00:33,sell,1.00,eurjpy,159.951,2024-09-24 08:26:11,160.078,3309439
127751809,2024-09-24 08:02:53,sell,1.00,gbpusd,1.33654,2024-09-24 09:42:29,1.33377,3313627
127755015,2024-09-24 08:30:27,sell,1.00,eurjpy,160.154,2024-09-24 08:30:30,160.148,3363220
127755149,2024-09-24 08:31:02,sell,1.00,xauusd,2639.02,2024-09-24 08:36:59,2635.63,3364271
127755275,2024-09-24 08:32:09,sell,14.00,eurjpy,160.173,2024-09-24 08:54:54,160.229,3366277
127755309,2024-09-24 08:32:21,sell,1.00,usdjpy,144.053,2024-09-24 09:19:52,144.165,3366657
127755929,2024-09-24 08:37:00,buy ,1.00,eurjpy,160.171,2024-09-24 08:41:10,160.180,3375028
127756073,2024-09-24 08:38:34,sell,1.00,xauusd,2635.54,2024-09-24 09:02:12,2626.75,3377845
127757316,2024-09-24 08:47:00,buy ,1.00,eurjpy,160.198,2024-09-24 09:05:11,160.219,3393027
127758227,2024-09-24 08:55:02,sell,1.00,eurjpy,160.258,2024-09-24 09:00:53,160.167,3407484
127759310,2024-09-24 08:59:40,buy ,1.00,xauusd,2625.74,2024-09-24 09:00:08,2625.51,3415794
127759814,2024-09-24 09:00:12,buy ,1.00,xauusd,2625.45,2024-09-24 09:01:48,2627.84,3416794
127760007,2024-09-24 09:01:01,sell,1.00,eurjpy,160.195,2024-09-24 09:19:52,160.141,3418257
127760192,2024-09-24 09:02:08,buy ,1.00,xauusd,2628.28,2024-09-24 09:02:08,2628.09,3420248
127760207,2024-09-24 09:02:09,buy ,1.00,xauusd,2627.47,2024-09-24 09:05:09,2626.92,3420283
127760250,2024-09-24 09:02:16,sell,1.00,xauusd,2627.51,2024-09-24 09:02:59,2626.68,3420487
127760404,2024-09-24 09:03:01,sell,1.00,xauusd,2627.28,2024-09-24 09:08:06,2627.81,3421839
127760682,2024-09-24 09:05:10,buy ,1.00,xauusd,2626.20,2024-09-24 09:06:21,2627.75,3425719
127760816,2024-09-24 09:05:47,buy ,1.00,usdjpy,144.187,2024-09-24 09:31:31,144.321,3426844
127760817,2024-09-24 09:05:48,buy ,1.00,eurjpy,160.252,2024-09-24 09:18:26,160.169,3426855
127760938,2024-09-24 09:06:42,buy ,1.00,xauusd,2628.16,2024-09-24 09:09:28,2627.62,3428494
127761126,2024-09-24 09:08:07,sell,1.00,xauusd,2628.53,2024-09-24 09:23:01,2628.18,3431014
127761343,2024-09-24 09:09:51,buy ,1.00,xauusd,2627.19,2024-09-24 09:37:48,2625.50,3434138
127762531,2024-09-24 09:19:12,buy ,1.00,eurjpy,160.138,2024-09-24 09:31:31,160.272,3450985
127762637,2024-09-24 09:20:04,sell,1.00,usdjpy,144.185,2024-09-24 10:04:07,144.504,3452555
127762809,2024-09-24 09:22:06,sell,1.00,eurjpy,160.110,2024-09-24 09:25:58,160.169,3456203
127762907,2024-09-24 09:23:13,sell,1.00,xauusd,2628.62,2024-09-24 09:47:49,2627.74,3458205
127763563,2024-09-24 09:29:43,sell,1.00,eurjpy,160.196,2024-09-24 09:36:51,160.384,3469914
127764108,2024-09-24 09:31:34,buy ,1.00,usdjpy,144.297,2024-09-24 10:44:48,144.407,3473236
127764182,2024-09-24 09:32:10,buy ,1.00,eurjpy,160.302,2024-09-24 10:22:07,160.857,3474337
127764958,2024-09-24 09:37:55,buy ,1.00,xauusd,2625.03,2024-09-24 12:29:55,2628.65,3484688
127764992,2024-09-24 09:38:04,sell,1.00,eurjpy,160.350,2024-09-24 10:04:08,160.702,3484934
127765715,2024-09-24 09:45:01,sell,1.00,gbpusd,1.33406,2024-09-24 09:53:56,1.33634,3497446
127765974,2024-09-24 09:47:54,sell,1.00,xauusd,2628.26,2024-09-24 10:05:24,2627.67,3502622
127766871,2024-09-24 09:55:17,sell,1.00,gbpusd,1.33604,2024-09-24 15:41:36,1.33868,3515936
127768480,2024-09-24 10:04:11,sell,1.00,usdjpy,144.588,2024-09-24 10:04:50,144.579,3531952
127768488,2024-09-24 10:04:13,sell,1.00,eurjpy,160.675,2024-09-24 10:18:41,160.876,3532036
127768637,2024-09-24 10:05:00,sell,1.00,usdjpy,144.604,2024-09-24 11:40:23,144.405,3533425
127768743,2024-09-24 10:05:35,sell,1.00,xauusd,2627.41,2024-09-24 10:18:23,2629.12,3534481
127770606,2024-09-24 10:18:59,sell,1.00,eurjpy,160.904,2024-09-24 11:40:23,160.885,3558591
127770763,2024-09-24 10:20:21,sell,1.00,xauusd,2628.72,2024-09-24 10:21:44,2629.05,3561050
127770921,2024-09-24 10:22:09,buy ,1.00,eurjpy,160.814,2024-09-24 10:37:19,160.652,3564302
127771075,2024-09-24 10:23:15,sell,1.00,xauusd,2629.54,2024-09-24 10:40:31,2623.51,3566257
127773493,2024-09-24 10:38:25,buy ,1.00,eurjpy,160.683,2024-09-24 10:44:48,160.666,3593576
127773961,2024-09-24 10:40:32,sell,1.00,xauusd,2623.99,2024-09-24 10:43:51,2624.39,3597390
127774546,2024-09-24 10:43:58,sell,1.00,xauusd,2624.94,2024-09-24 10:47:41,2627.41,3603549
127774767,2024-09-24 10:45:00,buy ,1.00,eurjpy,160.637,2024-09-24 11:46:11,160.819,3605415
127774991,2024-09-24 10:45:09,buy ,1.00,usdjpy,144.365,2024-09-24 11:46:11,144.304,3605695
127775461,2024-09-24 10:47:46,sell,1.00,xauusd,2627.84,2024-09-24 12:10:51,2629.22,3610382
127783426,2024-09-24 11:40:28,sell,1.00,usdjpy,144.420,2024-09-24 12:05:26,144.244,3705241
127783443,2024-09-24 11:40:36,sell,1.00,eurjpy,160.871,2024-09-24 12:08:34,160.711,3705481
127784454,2024-09-24 11:48:12,buy ,1.00,eurjpy,160.789,2024-09-24 11:53:25,160.740,3719177
127784474,2024-09-24 11:48:21,buy ,1.00,usdjpy,144.279,2024-09-24 12:05:44,144.264,3719438
127784967,2024-09-24 11:53:28,buy ,1.00,eurjpy,160.710,2024-09-24 11:56:30,160.744,3728662
127785212,2024-09-24 11:56:35,buy ,1.00,eurjpy,160.714,2024-09-24 11:57:05,160.732,3734272
127785928,2024-09-24 12:01:04,buy ,1.00,eurjpy,160.762,2024-09-24 12:04:53,160.798,3742349
127786317,2024-09-24 12:05:11,buy ,1.00,eurjpy,160.758,2024-09-24 12:05:44,160.754,3749766
127786363,2024-09-24 12:05:32,sell,1.00,usdjpy,144.280,2024-09-24 12:09:44,144.275,3750359
127786386,2024-09-24 12:05:48,buy ,1.00,eurjpy,160.724,2024-09-24 12:30:33,160.919,3750856
127786513,2024-09-24 12:07:51,buy ,1.00,usdjpy,144.292,2024-09-24 13:27:41,144.159,3754535
127786641,2024-09-24 12:10:03,sell,1.00,eurjpy,160.731,2024-09-24 12:17:25,160.780,3758513
127786705,2024-09-24 12:11:09,sell,1.00,xauusd,2629.57,2024-09-24 12:11:19,2629.40,3760477
127786825,2024-09-24 12:12:38,sell,1.00,xauusd,2628.97,2024-09-24 12:14:08,2629.49,3763149
127786857,2024-09-24 12:12:58,sell,1.00,usdjpy,144.301,2024-09-24 12:17:25,144.299,3763779
127786976,2024-09-24 12:14:51,sell,1.00,xauusd,2628.88,2024-09-24 12:19:13,2628.15,3767153
127787429,2024-09-24 12:17:31,sell,1.00,eurjpy,160.810,2024-09-24 13:17:16,160.561,3771960
127787468,2024-09-24 12:18:04,sell,1.00,usdjpy,144.328,2024-09-24 12:37:46,144.384,3772936
127787662,2024-09-24 12:19:30,sell,1.00,xauusd,2628.59,2024-09-24 12:54:31,2630.55,3775525
127789335,2024-09-24 12:30:09,buy ,1.00,xauusd,2628.12,2024-09-24 13:23:15,2634.08,3794682
127789436,2024-09-24 12:31:14,buy ,1.00,eurjpy,160.949,2024-09-24 12:55:10,160.641,3796625
127790401,2024-09-24 12:39:00,sell,1.00,usdjpy,144.373,2024-09-24 13:42:13,144.015,3810631
127792590,2024-09-24 12:55:06,sell,1.00,xauusd,2630.10,2024-09-24 13:31:04,2634.40,3839581
127794964,2024-09-24 13:12:25,buy ,1.00,eurjpy,160.696,2024-09-24 13:27:41,160.522,3870761
127795670,2024-09-24 13:17:49,sell,1.00,eurjpy,160.591,2024-09-24 13:22:05,160.579,3880483
127796291,2024-09-24 13:23:12,sell,1.00,eurjpy,160.544,2024-09-24 13:42:13,160.316,3890184
127796493,2024-09-24 13:24:12,buy ,1.00,xauusd,2633.83,2024-09-24 13:53:42,2633.86,3891997
127796933,2024-09-24 13:27:41,buy ,1.00,eurjpy,160.497,2024-09-24 13:34:13,160.492,3898257
127796995,2024-09-24 13:28:07,buy ,1.00,usdjpy,144.138,2024-09-24 13:34:13,144.130,3899017
127797733,2024-09-24 13:32:20,sell,1.00,xauusd,2634.95,2024-09-24 13:43:12,2635.88,3906608
127798024,2024-09-24 13:34:49,buy ,1.00,usdjpy,144.076,2024-09-24 13:38:33,144.065,3911089
127798025,2024-09-24 13:34:49,buy ,1.00,eurjpy,160.438,2024-09-24 13:38:33,160.347,3911106
127798463,2024-09-24 13:38:34,buy ,1.00,eurjpy,160.314,2024-09-24 13:53:47,160.157,3917837
127798720,2024-09-24 13:40:25,buy ,1.00,usdjpy,143.987,2024-09-24 13:43:35,143.985,3921148
127798863,2024-09-24 13:42:15,sell,1.00,usdjpy,143.992,2024-09-24 13:50:55,143.969,3924456
127799032,2024-09-24 13:43:22,sell,1.00,eurjpy,160.286,2024-09-24 13:50:55,160.224,3926458
127799062,2024-09-24 13:43:34,sell,1.00,xauusd,2635.49,2024-09-24 13:57:15,2634.21,3926848
127799564,2024-09-24 13:46:56,buy ,1.00,usdjpy,143.939,2024-09-24 13:53:47,143.929,3932891
127800213,2024-09-24 13:51:08,sell,1.00,usdjpy,143.931,2024-09-24 16:01:11,144.060,3940468
127800216,2024-09-24 13:51:09,sell,1.00,eurjpy,160.193,2024-09-24 14:20:30,160.216,3940478
127800571,2024-09-24 13:54:02,buy ,1.00,eurjpy,160.127,2024-09-24 14:02:20,160.137,3945648
127800588,2024-09-24 13:54:10,buy ,1.00,usdjpy,143.901,2024-09-24 14:27:12,144.009,3945907
127800716,2024-09-24 13:55:12,buy ,1.00,xauusd,2634.28,2024-09-24 13:58:03,2633.57,3947746
127800919,2024-09-24 13:57:31,sell,1.00,xauusd,2634.39,2024-09-24 14:01:02,2632.66,3951958
127801461,2024-09-24 14:00:09,buy ,1.00,xauusd,2633.08,2024-09-24 14:04:42,2632.66,3956670
127801623,2024-09-24 14:01:03,sell,1.00,xauusd,2633.14,2024-09-24 14:02:52,2632.81,3958297
127801872,2024-09-24 14:02:32,buy ,1.00,eurjpy,160.109,2024-09-24 14:46:19,160.315,3960990
127801977,2024-09-24 14:03:09,sell,1.00,xauusd,2632.40,2024-09-24 14:07:50,2630.11,3962082
127802298,2024-09-24 14:04:53,buy ,1.00,xauusd,2632.01,2024-09-24 14:05:39,2631.74,3965198
127802717,2024-09-24 14:06:16,buy ,1.00,xauusd,2631.22,2024-09-24 14:09:03,2629.82,3967695
127803022,2024-09-24 14:07:54,sell,1.00,xauusd,2629.97,2024-09-24 14:09:51,2630.04,3970634
127803332,2024-09-24 14:09:08,buy ,1.00,xauusd,2629.11,2024-09-24 14:15:45,2632.45,3972867
127803621,2024-09-24 14:10:10,sell,1.00,xauusd,2631.11,2024-09-24 14:10:12,2631.28,3974720
127803765,2024-09-24 14:10:58,sell,1.00,xauusd,2631.11,2024-09-24 14:12:33,2631.04,3976160
127804337,2024-09-24 14:12:36,sell,1.00,xauusd,2631.60,2024-09-24 14:18:40,2631.35,3979098
127805316,2024-09-24 14:16:01,buy ,1.00,xauusd,2632.01,2024-09-24 14:45:27,2624.64,3985251
127805657,2024-09-24 14:18:52,sell,1.00,xauusd,2632.43,2024-09-24 14:22:33,2632.07,3990353
127805927,2024-09-24 14:20:55,sell,1.00,eurjpy,160.246,2024-09-24 14:38:42,160.312,3994053
127806137,2024-09-24 14:22:50,sell,1.00,xauusd,2631.48,2024-09-24 14:30:01,2630.69,3997513
127806731,2024-09-24 14:27:33,buy ,1.00,usdjpy,143.984,2024-09-24 14:51:20,144.064,4006000
127807121,2024-09-24 14:30:03,sell,1.00,xauusd,2631.29,2024-09-24 14:38:40,2626.06,4010486
127808602,2024-09-24 14:38:41,sell,1.00,xauusd,2626.43,2024-09-24 14:41:25,2625.59,4026055
127809038,2024-09-24 14:41:23,sell,1.00,eurjpy,160.353,2024-09-24 16:15:52,160.513,4030897
127809330,2024-09-24 14:43:40,sell,1.00,xauusd,2625.24,2024-09-24 14:47:31,2625.21,4035011
127809822,2024-09-24 14:45:34,buy ,1.00,xauusd,2623.74,2024-09-24 14:51:15,2627.63,4038437
127810043,2024-09-24 14:47:21,buy ,1.00,eurjpy,160.286,2024-09-24 14:51:20,160.315,4041640
127810103,2024-09-24 14:47:35,sell,1.00,xauusd,2625.84,2024-09-24 14:47:42,2625.52,4042045
127810145,2024-09-24 14:47:43,sell,1.00,xauusd,2625.98,2024-09-24 14:52:43,2627.08,4042298
127810595,2024-09-24 14:51:22,buy ,1.00,xauusd,2627.31,2024-09-24 14:51:37,2628.02,4048863
127810608,2024-09-24 14:51:27,buy ,1.00,usdjpy,144.039,2024-09-24 15:16:59,143.892,4049017
127810659,2024-09-24 14:51:42,buy ,1.00,xauusd,2627.57,2024-09-24 14:51:45,2627.70,4049470
127810681,2024-09-24 14:51:48,buy ,1.00,xauusd,2627.27,2024-09-24 14:56:22,2626.73,4049667
127810741,2024-09-24 14:52:09,buy ,1.00,eurjpy,160.285,2024-09-24 15:52:35,160.411,4050278
127810838,2024-09-24 14:52:46,sell,1.00,xauusd,2627.89,2024-09-24 15:09:51,2624.37,4051394
127811354,2024-09-24 14:56:47,buy ,1.00,xauusd,2625.91,2024-09-24 15:10:09,2626.15,4058629
127813728,2024-09-24 15:09:53,sell,1.00,xauusd,2624.94,2024-09-24 15:09:59,2625.19,4082199
127813768,2024-09-24 15:10:00,sell,1.00,xauusd,2625.69,2024-09-24 15:22:18,2626.33,4082393
127813901,2024-09-24 15:10:10,buy ,1.00,xauusd,2625.36,2024-09-24 15:10:17,2625.75,4082714
127813928,2024-09-24 15:10:18,buy ,1.00,xauusd,2625.01,2024-09-24 15:21:00,2625.20,4082932
127815368,2024-09-24 15:17:41,buy ,1.00,usdjpy,143.867,2024-09-24 15:34:11,144.028,4096246
127815958,2024-09-24 15:21:04,buy ,1.00,xauusd,2625.77,2024-09-24 15:25:06,2627.59,4102312
127816123,2024-09-24 15:22:34,sell,1.00,xauusd,2627.01,2024-09-24 15:24:20,2626.31,4105038
127816693,2024-09-24 15:24:43,sell,1.00,xauusd,2626.80,2024-09-24 15:24:55,2626.76,4108892
127816820,2024-09-24 15:25:01,sell,1.00,xauusd,2627.43,2024-09-24 15:36:10,2629.10,4109448
127816927,2024-09-24 15:25:32,buy ,1.00,xauusd,2627.52,2024-09-24 15:47:34,2626.84,4110361
127819304,2024-09-24 15:34:23,buy ,1.00,usdjpy,143.995,2024-09-24 15:46:28,143.938,4126306
127819935,2024-09-24 15:36:12,sell,1.00,xauusd,2629.51,2024-09-24 15:38:16,2627.13,4129563
127821241,2024-09-24 15:39:55,sell,1.00,xauusd,2628.02,2024-09-24 15:45:23,2627.78,4136254
127822417,2024-09-24 15:45:43,sell,1.00,xauusd,2628.27,2024-09-24 16:10:30,2636.00,4146688
127822606,2024-09-24 15:47:07,sell,1.00,gbpusd,1.33837,2024-09-24 17:00:01,1.33794,4149200
127822622,2024-09-24 15:47:11,buy ,1.00,usdjpy,143.974,2024-09-24 16:00:08,143.962,4149350
127822791,2024-09-24 15:48:38,buy ,1.00,xauusd,2627.26,2024-09-24 16:00:37,2633.23,4151968
127823761,2024-09-24 15:52:43,buy ,1.00,eurjpy,160.373,2024-09-24 16:00:09,160.351,4159297
127825713,2024-09-24 16:00:10,buy ,1.00,usdjpy,143.927,2024-09-24 16:02:27,144.065,4172694
127825840,2024-09-24 16:00:29,buy ,1.00,eurjpy,160.378,2024-09-24 16:21:57,160.483,4173293
127825926,2024-09-24 16:00:39,buy ,1.00,xauusd,2632.83,2024-09-24 16:01:29,2632.40,4173592
127826277,2024-09-24 16:01:33,buy ,1.00,xauusd,2632.04,2024-09-24 16:03:16,2633.06,4175220
127826529,2024-09-24 16:02:11,sell,1.00,usdjpy,144.083,2024-09-24 16:30:12,143.942,4176338
127826681,2024-09-24 16:02:44,buy ,1.00,usdjpy,144.009,2024-09-24 16:09:06,143.995,4177348
127826875,2024-09-24 16:03:35,buy ,1.00,xauusd,2633.48,2024-09-24 16:05:18,2635.05,4178851
127827538,2024-09-24 16:05:31,buy ,1.00,xauusd,2634.54,2024-09-24 16:08:20,2635.94,4182332
127828260,2024-09-24 16:08:22,buy ,1.00,xauusd,2635.51,2024-09-24 16:13:40,2633.96,4187474
127828633,2024-09-24 16:09:18,buy ,1.00,usdjpy,144.015,2024-09-24 16:12:15,144.097,4189155
127829260,2024-09-24 16:11:24,sell,1.00,xauusd,2636.50,2024-09-24 16:43:59,2634.12,4192934
127829499,2024-09-24 16:12:18,buy ,1.00,usdjpy,144.074,2024-09-24 16:15:20,144.135,4194552
127829825,2024-09-24 16:13:46,buy ,1.00,xauusd,2633.56,2024-09-24 16:13:51,2633.61,4197193
127829893,2024-09-24 16:14:10,buy ,1.00,xauusd,2633.02,2024-09-24 16:14:28,2632.83,4197881
127830642,2024-09-24 16:15:30,buy ,1.00,xauusd,2633.38,2024-09-24 16:24:49,2637.04,4200307
127830699,2024-09-24 16:15:49,buy ,1.00,usdjpy,144.092,2024-09-24 16:16:06,144.110,4200886
127830842,2024-09-24 16:16:49,sell,1.00,eurjpy,160.543,2024-09-24 16:30:12,160.387,4202687
127830855,2024-09-24 16:16:53,buy ,1.00,usdjpy,144.140,2024-09-24 16:21:57,144.078,4202784
127831962,2024-09-24 16:22:00,buy ,1.00,usdjpy,144.054,2024-09-24 16:23:31,144.039,4212023
127831997,2024-09-24 16:22:14,buy ,1.00,eurjpy,160.457,2024-09-24 16:23:31,160.447,4212450
127832338,2024-09-24 16:23:33,buy ,1.00,usdjpy,144.021,2024-09-24 16:25:59,143.999,4214793
127832537,2024-09-24 16:24:22,buy ,1.00,eurjpy,160.417,2024-09-24 16:32:10,160.403,4216273
127832815,2024-09-24 16:25:02,buy ,1.00,xauusd,2636.57,2024-09-24 16:30:12,2634.64,4217472
127833194,2024-09-24 16:26:48,buy ,1.00,usdjpy,143.932,2024-09-24 16:32:10,144.003,4220633
127834832,2024-09-24 16:30:18,buy ,1.00,xauusd,2633.41,2024-09-24 16:31:03,2633.35,4226955
127834896,2024-09-24 16:30:23,sell,1.00,eurjpy,160.422,2024-09-24 16:35:16,160.457,4227097
127834993,2024-09-24 16:30:30,sell,1.00,usdjpy,144.033,2024-09-24 16:35:16,144.072,4227292
127835521,2024-09-24 16:31:09,buy ,1.00,xauusd,2632.49,2024-09-24 16:32:09,2634.30,4228490
127835856,2024-09-24 16:32:11,buy ,1.00,usdjpy,143.980,2024-09-24 16:53:23,144.161,4230330
127835913,2024-09-24 16:32:20,buy ,1.00,xauusd,2633.83,2024-09-24 16:37:04,2634.93,4230607
127835922,2024-09-24 16:32:21,buy ,1.00,eurjpy,160.360,2024-09-24 16:37:29,160.488,4230633
127836884,2024-09-24 16:35:19,sell,1.00,usdjpy,144.090,2024-09-24 16:38:23,144.111,4235991
127837131,2024-09-24 16:36:00,sell,1.00,eurjpy,160.427,2024-09-24 17:00:16,160.326,4237234
127837704,2024-09-24 16:37:07,buy ,1.00,xauusd,2634.11,2024-09-24 16:38:24,2634.60,4239237
127838186,2024-09-24 16:38:23,buy ,1.00,eurjpy,160.521,2024-09-24 16:53:23,160.524,4241489
127838226,2024-09-24 16:38:26,buy ,1.00,xauusd,2634.06,2024-09-24 16:38:43,2634.60,4241573
127838364,2024-09-24 16:38:37,sell,1.00,usdjpy,144.098,2024-09-24 17:00:05,143.905,4241926
127838444,2024-09-24 16:38:44,buy ,1.00,xauusd,2634.23,2024-09-24 16:40:01,2634.20,4242124
127839358,2024-09-24 16:40:06,buy ,1.00,xauusd,2634.53,2024-09-24 16:40:11,2634.03,4244587
127839463,2024-09-24 16:40:26,buy ,1.00,xauusd,2634.43,2024-09-24 16:41:09,2634.99,4245183
127839789,2024-09-24 16:41:23,buy ,1.00,xauusd,2634.49,2024-09-24 16:41:25,2634.56,4246899
127839850,2024-09-24 16:41:30,buy ,1.00,xauusd,2634.09,2024-09-24 16:42:07,2634.59,4247103
127840208,2024-09-24 16:42:35,buy ,1.00,xauusd,2633.57,2024-09-24 16:44:15,2634.72,4249075
127840622,2024-09-24 16:44:00,sell,1.00,xauusd,2634.48,2024-09-24 16:55:23,2636.38,4251599
127840731,2024-09-24 16:44:16,buy ,1.00,xauusd,2633.95,2024-09-24 16:45:01,2634.90,4252083
127841100,2024-09-24 16:45:09,buy ,1.00,xauusd,2634.01,2024-09-24 16:45:31,2633.99,4253682
127841836,2024-09-24 16:46:53,buy ,1.00,xauusd,2634.53,2024-09-24 16:48:32,2634.42,4256785
127842383,2024-09-24 16:48:36,buy ,1.00,xauusd,2633.39,2024-09-24 16:50:05,2632.86,4259896
127843010,2024-09-24 16:50:25,buy ,1.00,xauusd,2633.30,2024-09-24 16:51:00,2633.42,4263183
127843597,2024-09-24 16:51:50,buy ,1.00,xauusd,2633.67,2024-09-24 16:52:49,2635.24,4265715
127844151,2024-09-24 16:53:08,buy ,1.00,xauusd,2635.63,2024-09-24 17:00:05,2638.28,4268045
127844383,2024-09-24 16:53:55,buy ,1.00,usdjpy,144.195,2024-09-24 17:00:01,144.050,4269449
127844446,2024-09-24 16:54:14,buy ,1.00,eurjpy,160.496,2024-09-24 17:00:03,160.411,4270009
127845007,2024-09-24 16:56:09,sell,1.00,xauusd,2635.89,2024-09-24 17:00:03,2637.71,4273459
127846350,2024-09-24 17:00:05,sell,1.00,xauusd,2638.28,2024-09-24 17:01:16,2636.59,4280538
127846368,2024-09-24 17:00:05,buy ,1.00,usdjpy,143.940,2024-09-24 17:00:17,143.923,4280568
127846375,2024-09-24 17:00:05,sell,1.00,eurusd,1.11423,2024-09-25 15:30:24,1.11994,4280568
127846376,2024-09-24 17:00:05,buy ,1.00,eurjpy,160.380,2024-09-24 17:09:32,160.126,4280568
127846414,2024-09-24 17:00:06,sell,1.00,usdjpy,143.948,2024-09-24 17:00:08,143.905,4280587
127846433,2024-09-24 17:00:06,buy ,1.00,xauusd,2637.66,2024-09-24 17:01:05,2636.29,4280587
127846481,2024-09-24 17:00:09,sell,1.00,gbpusd,1.33827,2024-09-25 15:30:26,1.33860,4280680
127846542,2024-09-24 17:00:12,sell,1.00,usdjpy,143.868,2024-09-24 17:00:16,143.898,4280778
127846633,2024-09-24 17:00:16,sell,1.00,usdjpy,143.916,2024-09-24 17:00:35,143.709,4280892
127846646,2024-09-24 17:00:17,sell,1.00,eurjpy,160.345,2024-09-24 17:00:32,160.190,4280917
127846731,2024-09-24 17:00:22,buy ,1.00,usdjpy,143.878,2024-09-24 17:00:24,143.872,4281052
127846778,2024-09-24 17:00:25,buy ,1.00,usdjpy,143.849,2024-09-24 17:00:31,143.799,4281135
127846890,2024-09-24 17:00:32,buy ,1.00,usdjpy,143.787,2024-09-24 17:01:05,143.829,4281361
127846904,2024-09-24 17:00:34,sell,1.00,eurjpy,160.175,2024-09-24 17:00:37,160.177,4281405
127846951,2024-09-24 17:00:36,sell,1.00,usdjpy,143.731,2024-09-24 17:00:37,143.746,4281511
127847081,2024-09-24 17:00:48,sell,1.00,eurjpy,160.234,2024-09-24 17:13:52,160.232,4281858
127847082,2024-09-24 17:00:48,sell,1.00,usdjpy,143.787,2024-09-24 17:00:49,143.795,4281858
127847098,2024-09-24 17:00:50,sell,1.00,usdjpy,143.819,2024-09-24 17:25:06,143.497,4281909
127847335,2024-09-24 17:01:06,buy ,1.00,xauusd,2636.45,2024-09-24 17:03:54,2635.91,4282369
127847356,2024-09-24 17:01:07,buy ,1.00,usdjpy,143.813,2024-09-24 17:01:24,143.799,4282402
127847448,2024-09-24 17:01:17,sell,1.00,xauusd,2637.07,2024-09-24 17:02:34,2637.14,4282723
127847582,2024-09-24 17:01:36,buy ,1.00,usdjpy,143.811,2024-09-24 17:02:00,143.847,4283309
127847760,2024-09-24 17:02:02,buy ,1.00,usdjpy,143.826,2024-09-24 17:02:34,143.794,4284057
127847947,2024-09-24 17:02:34,sell,1.00,xauusd,2637.49,2024-09-24 17:06:12,2636.56,4285036
127847964,2024-09-24 17:02:37,buy ,1.00,usdjpy,143.770,2024-09-24 17:02:40,143.776,4285107
127848050,2024-09-24 17:02:58,buy ,1.00,usdjpy,143.749,2024-09-24 17:09:26,143.592,4285766
127848954,2024-09-24 17:04:04,buy ,1.00,xauusd,2635.11,2024-09-24 17:08:27,2638.44,4287720
127849887,2024-09-24 17:06:39,sell,1.00,xauusd,2637.02,2024-09-24 17:09:00,2636.88,4292364
127851081,2024-09-24 17:08:42,buy ,1.00,xauusd,2637.33,2024-09-24 17:16:09,2638.21,4296067
127851785,2024-09-24 17:09:32,buy ,1.00,usdjpy,143.558,2024-09-24 17:09:32,143.555,4297549
127851839,2024-09-24 17:09:35,sell,1.00,xauusd,2637.55,2024-09-24 17:19:41,2637.68,4297641
127852144,2024-09-24 17:10:00,buy ,1.00,eurjpy,160.156,2024-09-24 17:15:43,160.217,4298407
127852201,2024-09-24 17:10:01,buy ,1.00,usdjpy,143.585,2024-09-24 17:15:43,143.611,4298455
127854308,2024-09-24 17:14:11,sell,1.00,eurjpy,160.265,2024-09-24 17:16:38,160.147,4305924
127855274,2024-09-24 17:15:52,buy ,1.00,eurjpy,160.133,2024-09-24 17:17:22,160.147,4308948
127855276,2024-09-24 17:15:52,buy ,1.00,usdjpy,143.518,2024-09-24 17:17:22,143.537,4308974
127855582,2024-09-24 17:16:48,sell,1.00,eurjpy,160.114,2024-09-24 17:25:01,160.140,4310657
127855692,2024-09-24 17:16:59,buy ,1.00,xauusd,2637.45,2024-09-24 17:17:31,2638.45,4310967
127855876,2024-09-24 17:17:36,buy ,1.00,eurjpy,160.170,2024-09-24 17:21:20,160.144,4312072
127855893,2024-09-24 17:17:41,buy ,1.00,xauusd,2637.93,2024-09-24 17:22:22,2638.11,4312237
127856058,2024-09-24 17:18:12,buy ,1.00,usdjpy,143.512,2024-09-24 17:21:00,143.551,4313187
127856797,2024-09-24 17:19:42,sell,1.00,xauusd,2638.22,2024-09-24 17:25:01,2637.12,4315861
127857779,2024-09-24 17:21:08,buy ,1.00,usdjpy,143.510,2024-09-24 17:26:12,143.521,4318439
127857872,2024-09-24 17:21:35,buy ,1.00,eurjpy,160.168,2024-09-24 17:21:53,160.152,4319257
127858171,2024-09-24 17:22:33,buy ,1.00,xauusd,2637.64,2024-09-24 17:23:05,2636.67,4320986
127858517,2024-09-24 17:23:10,buy ,1.00,eurjpy,160.070,2024-09-24 17:26:12,160.173,4322102
127858552,2024-09-24 17:23:13,buy ,1.00,xauusd,2635.86,2024-09-24 17:23:23,2636.74,4322200
127858757,2024-09-24 17:23:36,buy ,1.00,xauusd,2636.13,2024-09-24 17:35:51,2639.00,4322906
127859369,2024-09-24 17:25:07,sell,1.00,xauusd,2637.67,2024-09-24 17:37:50,2637.57,4325609
127859379,2024-09-24 17:25:07,sell,1.00,eurjpy,160.168,2024-09-24 17:34:28,160.195,4325637
127859411,2024-09-24 17:25:10,sell,1.00,usdjpy,143.515,2024-09-24 17:29:54,143.480,4325707
127859673,2024-09-24 17:26:15,buy ,1.00,eurjpy,160.143,2024-09-24 17:32:14,160.199,4327676
127859699,2024-09-24 17:26:20,buy ,1.00,usdjpy,143.469,2024-09-24 17:28:18,143.501,4327805
127860613,2024-09-24 17:28:45,buy ,1.00,usdjpy,143.463,2024-09-24 17:32:14,143.565,4332156
127861484,2024-09-24 17:30:10,sell,1.00,usdjpy,143.519,2024-09-24 17:51:30,143.665,4334690
127862505,2024-09-24 17:32:16,buy ,1.00,usdjpy,143.544,2024-09-24 17:33:46,143.611,4338478
127862725,2024-09-24 17:33:03,buy ,1.00,eurjpy,160.173,2024-09-24 17:33:46,160.228,4339901
127863009,2024-09-24 17:33:59,buy ,1.00,usdjpy,143.629,2024-09-24 17:34:20,143.608,4341584
127863146,2024-09-24 17:34:12,buy ,1.00,eurjpy,160.194,2024-09-24 17:38:01,160.111,4341963
127863357,2024-09-24 17:34:30,buy ,1.00,usdjpy,143.627,2024-09-24 17:44:19,143.561,4342506
127863573,2024-09-24 17:34:51,sell,1.00,eurjpy,160.165,2024-09-24 17:57:07,160.131,4343133
127864189,2024-09-24 17:35:53,buy ,1.00,xauusd,2638.29,2024-09-24 17:37:17,2637.05,4344968
127865324,2024-09-24 17:37:42,buy ,1.00,xauusd,2637.51,2024-09-24 17:40:01,2639.02,4348269
127865426,2024-09-24 17:37:58,sell,1.00,xauusd,2638.41,2024-09-24 17:44:14,2640.16,4348752
127866287,2024-09-24 17:40:02,buy ,1.00,xauusd,2638.53,2024-09-24 17:40:10,2638.97,4352461
127866322,2024-09-24 17:40:10,buy ,1.00,xauusd,2638.74,2024-09-24 17:44:21,2643.13,4352718
127867132,2024-09-24 17:41:36,buy ,1.00,eurjpy,160.038,2024-09-24 17:46:36,160.109,4355277
127868858,2024-09-24 17:44:20,sell,1.00,xauusd,2642.73,2024-09-24 17:55:08,2645.78,4360205
127868940,2024-09-24 17:44:23,buy ,1.00,xauusd,2642.02,2024-09-24 17:44:29,2642.04,4360299
127868989,2024-09-24 17:44:26,buy ,1.00,usdjpy,143.540,2024-09-24 17:52:00,143.693,4360387
127869154,2024-09-24 17:44:49,buy ,1.00,xauusd,2641.48,2024-09-24 17:44:50,2641.61,4361067
127869218,2024-09-24 17:44:55,buy ,1.00,xauusd,2640.95,2024-09-24 17:44:58,2640.90,4361269
127869257,2024-09-24 17:44:58,buy ,1.00,xauusd,2640.58,2024-09-24 17:45:03,2640.29,4361350
127869556,2024-09-24 17:45:05,buy ,1.00,xauusd,2639.76,2024-09-24 17:45:18,2640.88,4361542
127869885,2024-09-24 17:45:31,buy ,1.00,xauusd,2640.35,2024-09-24 17:45:36,2640.21,4362320
127870050,2024-09-24 17:45:44,buy ,1.00,xauusd,2639.74,2024-09-24 17:45:52,2639.56,4362714
127870119,2024-09-24 17:45:58,buy ,1.00,xauusd,2639.96,2024-09-24 17:46:58,2641.58,4363156
127870908,2024-09-24 17:47:09,buy ,1.00,xauusd,2641.13,2024-09-24 17:48:57,2643.21,4365261
127871608,2024-09-24 17:48:51,buy ,1.00,eurjpy,160.139,2024-09-24 17:52:00,160.178,4368347
127871696,2024-09-24 17:49:06,buy ,1.00,xauusd,2643.40,2024-09-24 17:49:14,2643.28,4368790
127871908,2024-09-24 17:49:47,buy ,1.00,xauusd,2643.75,2024-09-24 17:54:08,2647.20,4370019
127872904,2024-09-24 17:51:41,sell,1.00,usdjpy,143.697,2024-09-24 18:04:22,143.651,4373437
127873714,2024-09-24 17:53:33,buy ,1.00,eurjpy,160.140,2024-09-24 17:54:49,160.163,4376794
127873726,2024-09-24 17:53:34,buy ,1.00,usdjpy,143.661,2024-09-24 17:54:49,143.644,4376838
127874123,2024-09-24 17:54:09,buy ,1.00,xauusd,2646.79,2024-09-24 17:54:54,2646.26,4377876
127874368,2024-09-24 17:55:01,buy ,1.00,xauusd,2645.76,2024-09-24 17:56:28,2645.71,4379418
127874406,2024-09-24 17:55:03,buy ,1.00,usdjpy,143.603,2024-09-24 18:58:17,143.823,4379503
127874601,2024-09-24 17:55:36,buy ,1.00,eurjpy,160.122,2024-09-24 18:37:00,160.261,4380487
127874649,2024-09-24 17:55:50,sell,1.00,xauusd,2645.35,2024-09-24 18:21:05,2645.15,4380887
127874929,2024-09-24 17:56:37,buy ,1.00,xauusd,2644.94,2024-09-24 17:57:29,2644.56,4382326
127875521,2024-09-24 17:57:25,sell,1.00,eurjpy,160.160,2024-09-24 18:02:52,160.158,4383760
127875557,2024-09-24 17:57:30,buy ,1.00,xauusd,2644.06,2024-09-24 17:58:45,2644.67,4383910
127876326,2024-09-24 17:59:02,buy ,1.00,xauusd,2644.64,2024-09-24 17:59:33,2644.10,4386681
127876437,2024-09-24 17:59:36,buy ,1.00,xauusd,2643.72,2024-09-24 18:01:57,2645.01,4387680
127877624,2024-09-24 18:02:15,buy ,1.00,xauusd,2644.53,2024-09-24 18:04:29,2645.85,4392445
127877800,2024-09-24 18:03:06,sell,1.00,eurjpy,160.185,2024-09-24 18:04:22,160.228,4393981
127878446,2024-09-24 18:04:43,sell,1.00,eurjpy,160.285,2024-09-24 18:11:39,160.295,4396899
127878506,2024-09-24 18:04:53,sell,1.00,usdjpy,143.717,2024-09-24 18:05:17,143.749,4397197
127878597,2024-09-24 18:05:03,buy ,1.00,xauusd,2644.73,2024-09-24 18:05:17,2645.35,4397479
127878741,2024-09-24 18:05:32,buy ,1.00,xauusd,2644.88,2024-09-24 18:06:24,2645.71,4398368
127878749,2024-09-24 18:05:33,sell,1.00,usdjpy,143.773,2024-09-24 18:15:33,143.625,4398379
127879040,2024-09-24 18:06:25,buy ,1.00,xauusd,2645.22,2024-09-24 18:10:01,2644.97,4399939
127880543,2024-09-24 18:10:25,buy ,1.00,xauusd,2645.39,2024-09-24 18:16:23,2646.83,4407155
127881579,2024-09-24 18:12:28,sell,1.00,eurjpy,160.264,2024-09-24 18:15:34,160.183,4410862
127882673,2024-09-24 18:15:35,sell,1.00,usdjpy,143.647,2024-09-24 18:32:07,143.671,4416463
127882909,2024-09-24 18:16:39,buy ,1.00,xauusd,2646.86,2024-09-24 18:18:05,2646.35,4418356
127882974,2024-09-24 18:17:01,sell,1.00,eurjpy,160.212,2024-09-24 18:32:07,160.213,4419037
127883151,2024-09-24 18:18:06,buy ,1.00,xauusd,2645.73,2024-09-24 18:18:09,2645.50,4420999
127883236,2024-09-24 18:18:27,buy ,1.00,xauusd,2645.91,2024-09-24 18:18:31,2645.79,4421618
127883824,2024-09-24 18:20:41,buy ,1.00,xauusd,2644.47,2024-09-24 18:21:13,2645.67,4425641
127883956,2024-09-24 18:21:10,sell,1.00,xauusd,2645.96,2024-09-24 18:22:40,2644.71,4426515
127884053,2024-09-24 18:21:40,buy ,1.00,xauusd,2645.18,2024-09-24 18:22:05,2645.58,4427420
127884212,2024-09-24 18:22:10,buy ,1.00,xauusd,2645.09,2024-09-24 18:41:24,2644.99,4428302
127884690,2024-09-24 18:23:12,sell,1.00,xauusd,2645.16,2024-09-24 18:29:23,2646.02,4430170
127886946,2024-09-24 18:29:24,sell,1.00,xauusd,2646.52,2024-09-24 18:40:31,2644.08,4441324
127888528,2024-09-24 18:33:02,sell,1.00,eurjpy,160.244,2024-09-24 18:48:14,160.251,4447874
127888911,2024-09-24 18:34:40,sell,1.00,usdjpy,143.692,2024-09-24 18:36:59,143.730,4450806
127890840,2024-09-24 18:40:11,sell,1.00,usdjpy,143.702,2024-09-24 18:41:08,143.702,4460724
127890858,2024-09-24 18:40:13,buy ,1.00,eurjpy,160.231,2024-09-24 21:46:12,160.125,4460782
127890962,2024-09-24 18:40:39,sell,1.00,xauusd,2644.97,2024-09-24 18:55:36,2641.15,4461549
127891045,2024-09-24 18:41:11,sell,1.00,usdjpy,143.727,2024-09-24 18:48:14,143.757,4462534
127891164,2024-09-24 18:41:29,buy ,1.00,xauusd,2644.24,2024-09-24 18:41:31,2644.20,4463077
127891999,2024-09-24 18:43:44,buy ,1.00,xauusd,2643.55,2024-09-24 18:44:23,2643.48,4467131
127892895,2024-09-24 18:46:02,buy ,1.00,xauusd,2642.98,2024-09-24 18:48:39,2642.44,4471284
127893596,2024-09-24 18:48:26,sell,1.00,usdjpy,143.782,2024-09-24 18:48:45,143.787,4475587
127893613,2024-09-24 18:48:29,sell,1.00,eurjpy,160.281,2024-09-24 18:53:36,160.323,4475662
127893818,2024-09-24 18:48:53,buy ,1.00,xauusd,2641.55,2024-09-24 18:50:27,2640.98,4476399
127894089,2024-09-24 18:49:32,sell,1.00,usdjpy,143.758,2024-09-24 19:37:01,143.578,4477576
127894664,2024-09-24 18:50:40,buy ,1.00,xauusd,2641.47,2024-09-24 18:51:26,2640.91,4479596
127895089,2024-09-24 18:52:09,buy ,1.00,xauusd,2641.33,2024-09-24 18:52:13,2641.18,4482272
127895707,2024-09-24 18:53:28,buy ,1.00,xauusd,2641.60,2024-09-24 18:53:44,2641.74,4484639
127896131,2024-09-24 18:54:10,sell,1.00,eurjpy,160.351,2024-09-24 19:37:01,160.157,4485902
127896345,2024-09-24 18:54:30,buy ,1.00,xauusd,2640.34,2024-09-24 18:58:38,2643.16,4486496
127896787,2024-09-24 18:55:38,sell,1.00,xauusd,2643.21,2024-09-24 18:55:58,2643.77,4488553
127897140,2024-09-24 18:56:31,sell,1.00,xauusd,2642.76,2024-09-24 18:56:49,2642.42,4490144
127897212,2024-09-24 18:56:51,sell,1.00,xauusd,2642.83,2024-09-24 19:10:47,2647.18,4490755
127897714,2024-09-24 18:58:40,buy ,1.00,xauusd,2642.72,2024-09-24 19:01:19,2643.60,4493992
127897945,2024-09-24 18:59:15,buy ,1.00,usdjpy,143.792,2024-09-24 19:17:59,143.549,4495038
127898634,2024-09-24 19:01:19,buy ,1.00,xauusd,2643.15,2024-09-24 19:01:35,2643.33,4498780
127898867,2024-09-24 19:02:59,buy ,1.00,xauusd,2643.74,2024-09-24 19:04:09,2645.37,4501761
127899347,2024-09-24 19:04:14,buy ,1.00,xauusd,2645.72,2024-09-24 19:04:28,2645.77,4504007
127899448,2024-09-24 19:04:29,buy ,1.00,xauusd,2645.37,2024-09-24 19:05:38,2646.92,4504470
127899894,2024-09-24 19:06:00,buy ,1.00,xauusd,2647.15,2024-09-24 19:07:45,2648.98,4507209
127900717,2024-09-24 19:08:07,buy ,1.00,xauusd,2647.98,2024-09-24 19:08:33,2648.81,4511004
127901042,2024-09-24 19:09:00,buy ,1.00,xauusd,2649.22,2024-09-24 19:12:37,2648.37,4512592
127901560,2024-09-24 19:10:48,sell,1.00,xauusd,2647.61,2024-09-24 19:23:46,2647.55,4515837
127902051,2024-09-24 19:13:09,buy ,1.00,xauusd,2647.92,2024-09-24 19:13:16,2648.19,4520051
127903526,2024-09-24 19:15:50,buy ,1.00,xauusd,2649.17,2024-09-24 19:19:29,2648.87,4524911
127903987,2024-09-24 19:18:06,buy ,1.00,usdjpy,143.528,2024-09-24 19:33:52,143.629,4528990
127904436,2024-09-24 19:19:33,buy ,1.00,xauusd,2648.37,2024-09-24 19:21:04,2648.02,4531578
127904709,2024-09-24 19:21:04,buy ,1.00,xauusd,2647.52,2024-09-24 19:44:50,2654.99,4534339
127905544,2024-09-24 19:24:01,sell,1.00,xauusd,2648.05,2024-09-24 19:26:45,2647.66,4539625
127906288,2024-09-24 19:26:51,sell,1.00,xauusd,2648.16,2024-09-24 19:35:45,2648.49,4544730
127908786,2024-09-24 19:35:32,buy ,1.00,usdjpy,143.641,2024-09-24 19:35:45,143.632,4560337
127909223,2024-09-24 19:36:43,sell,1.00,xauusd,2649.04,2024-09-24 19:44:33,2652.97,4562480
127909316,2024-09-24 19:36:57,buy ,1.00,usdjpy,143.587,2024-09-24 20:01:04,143.482,4562933
127912352,2024-09-24 19:42:57,sell,1.00,usdjpy,143.569,2024-09-24 21:35:20,143.378,4573722
127912815,2024-09-24 19:44:35,sell,1.00,xauusd,2653.61,2024-09-24 19:45:59,2652.88,4576650
127912957,2024-09-24 19:44:51,buy ,1.00,xauusd,2654.49,2024-09-24 19:44:53,2654.45,4577135
127913003,2024-09-24 19:44:54,buy ,1.00,xauusd,2653.85,2024-09-24 20:15:31,2652.55,4577231
127913224,2024-09-24 19:45:17,sell,1.00,eurjpy,160.124,2024-09-24 22:34:00,160.077,4577898
127913606,2024-09-24 19:47:04,sell,1.00,xauusd,2652.81,2024-09-24 19:47:05,2652.79,4581102
127913756,2024-09-24 19:47:51,sell,1.00,xauusd,2653.22,2024-09-24 19:48:23,2652.83,4582552
127913886,2024-09-24 19:48:24,sell,1.00,xauusd,2653.80,2024-09-24 19:49:16,2653.23,4583506
127914210,2024-09-24 19:50:05,sell,1.00,xauusd,2654.04,2024-09-24 19:55:10,2654.08,4586532
127915632,2024-09-24 19:55:42,sell,1.00,xauusd,2653.89,2024-09-24 19:56:50,2653.51,4596664
127916636,2024-09-24 19:58:39,sell,1.00,xauusd,2653.07,2024-09-24 20:04:17,2651.68,4601969
127917540,2024-09-24 20:02:17,buy ,1.00,usdjpy,143.444,2024-09-24 21:46:12,143.434,4608508
127918056,2024-09-24 20:05:20,sell,1.00,xauusd,2651.27,2024-09-24 20:14:40,2651.51,4614002
127921149,2024-09-24 20:14:44,sell,1.00,xauusd,2651.98,2024-09-24 20:15:11,2651.98,4630920
127921696,2024-09-24 20:15:28,sell,1.00,xauusd,2652.44,2024-09-24 20:23:34,2652.62,4632227
127922018,2024-09-24 20:16:05,buy ,1.00,xauusd,2652.06,2024-09-24 20:21:12,2652.89,4633334
127923512,2024-09-24 20:21:24,buy ,1.00,xauusd,2652.39,2024-09-24 20:41:09,2651.56,4642928
127924145,2024-09-24 20:24:01,sell,1.00,xauusd,2653.16,2024-09-24 20:28:21,2650.64,4647630
127924908,2024-09-24 20:28:34,sell,1.00,xauusd,2651.22,2024-09-24 20:56:41,2654.11,4655824
127926911,2024-09-24 20:41:56,buy ,1.00,xauusd,2650.52,2024-09-24 21:35:20,2656.84,4679883
127929570,2024-09-24 20:57:16,sell,1.00,xauusd,2653.70,2024-09-24 21:22:18,2655.79,4707467
127935823,2024-09-24 21:22:27,sell,1.00,xauusd,2656.36,2024-09-24 22:04:28,2656.76,4752808
127938636,2024-09-24 21:35:57,sell,1.00,usdjpy,143.402,2024-09-24 23:05:11,143.219,4777087
127938975,2024-09-24 21:38:11,buy ,1.00,xauusd,2656.35,2024-09-24 22:45:11,2663.37,4781109
127940866,2024-09-24 21:51:30,buy ,1.00,eurjpy,160.157,2024-09-24 22:04:28,160.140,4805107
127941188,2024-09-24 21:54:54,buy ,1.00,usdjpy,143.400,2024-09-24 22:04:28,143.416,4811204
127942568,2024-09-24 22:04:29,buy ,1.00,eurjpy,160.102,2024-09-24 22:16:00,160.036,4828452
127942571,2024-09-24 22:04:29,buy ,1.00,usdjpy,143.372,2024-09-24 22:16:00,143.256,4828452
127943885,2024-09-24 22:13:10,sell,1.00,xauusd,2657.62,2024-09-24 22:26:18,2659.31,4844082
127944913,2024-09-24 22:18:03,buy ,1.00,usdjpy,143.284,2024-09-25 01:20:19,143.212,4852882
127944940,2024-09-24 22:18:29,buy ,1.00,eurjpy,160.067,2024-09-25 01:37:01,160.028,4853671
127945662,2024-09-24 22:26:52,sell,1.00,xauusd,2660.02,2024-09-24 22:39:45,2661.54,4868761
127946604,2024-09-24 22:35:09,sell,1.00,eurjpy,160.105,2024-09-25 02:18:46,160.045,4883647
127947089,2024-09-24 22:39:54,sell,1.00,xauusd,2662.03,2024-09-24 22:40:19,2662.57,4892218
127947219,2024-09-24 22:40:20,sell,1.00,xauusd,2663.03,2024-09-25 03:57:56,2659.36,4892986
127947998,2024-09-24 22:45:31,buy ,1.00,xauusd,2662.98,2024-09-24 22:46:46,2663.31,4902337
127948394,2024-09-24 22:47:05,buy ,1.00,xauusd,2662.82,2024-09-24 22:49:53,2663.55,4905160
127948764,2024-09-24 22:49:54,buy ,1.00,xauusd,2663.03,2024-09-24 22:50:02,2663.00,4910220
127948847,2024-09-24 22:50:17,buy ,1.00,xauusd,2662.45,2024-09-24 22:52:00,2661.42,4910896
127949392,2024-09-24 22:52:21,buy ,1.00,xauusd,2660.84,2024-09-24 22:53:21,2661.57,4914633
127949679,2024-09-24 22:53:53,buy ,1.00,xauusd,2661.09,2024-09-24 22:54:59,2661.92,4917369
127949967,2024-09-24 22:55:03,buy ,1.00,xauusd,2661.43,2024-09-24 22:58:02,2662.54,4919490
127950425,2024-09-24 22:58:23,buy ,1.00,xauusd,2662.96,2024-09-24 23:06:13,2663.65,4925484
127951660,2024-09-24 23:08:28,sell,1.00,usdjpy,143.186,2024-09-25 02:00:10,143.020,4943647
127951718,2024-09-24 23:10:00,buy ,1.00,xauusd,2663.18,2024-09-24 23:14:21,2662.98,4946394
127952081,2024-09-24 23:19:49,buy ,1.00,xauusd,2663.41,2024-09-24 23:21:44,2663.20,4964044
127952183,2024-09-24 23:23:41,buy ,1.00,xauusd,2662.70,2024-09-24 23:35:47,2661.81,4971027
127952637,2024-09-24 23:36:11,buy ,1.00,xauusd,2661.36,2024-09-24 23:36:32,2660.24,4993546
127952718,2024-09-24 23:36:41,buy ,1.00,xauusd,2659.74,2024-09-24 23:36:45,2659.61,4994413
127952766,2024-09-24 23:37:19,buy ,1.00,xauusd,2659.17,2024-09-24 23:37:38,2660.05,4995572
127952859,2024-09-24 23:41:11,buy ,1.00,xauusd,2660.46,2024-09-25 04:00:39,2662.80,5002509
127955245,2024-09-25 01:21:22,buy ,1.00,usdjpy,143.188,2024-09-25 01:49:18,143.073,5182839
127955904,2024-09-25 01:37:34,buy ,1.00,eurjpy,159.998,2024-09-25 01:49:18,160.056,5212015
127956884,2024-09-25 01:49:21,buy ,1.00,usdjpy,143.012,2024-09-25 01:52:03,143.039,5233213
127956888,2024-09-25 01:49:28,buy ,1.00,eurjpy,159.994,2024-09-25 01:53:53,159.937,5233423
127957121,2024-09-25 01:53:01,buy ,1.00,usdjpy,143.015,2024-09-25 01:53:53,142.968,5239804
127957204,2024-09-25 01:53:54,buy ,1.00,eurjpy,159.878,2024-09-25 02:03:04,160.039,5241402
127957215,2024-09-25 01:53:54,buy ,1.00,usdjpy,142.915,2024-09-25 01:56:18,143.068,5241432
127957553,2024-09-25 01:59:21,buy ,1.00,usdjpy,143.041,2024-09-25 02:08:39,143.132,5251209
127958030,2024-09-25 02:02:03,sell,1.00,usdjpy,143.108,2024-09-25 02:04:37,143.088,5256091
127958182,2024-09-25 02:04:37,buy ,1.00,eurjpy,160.064,2024-09-25 02:08:39,160.101,5260725
127958187,2024-09-25 02:04:53,sell,1.00,usdjpy,143.111,2024-09-25 02:05:47,143.102,5261181
127958295,2024-09-25 02:06:13,sell,1.00,usdjpy,143.132,2024-09-25 02:18:46,143.093,5263574
127958481,2024-09-25 02:09:56,buy ,1.00,eurjpy,160.069,2024-09-25 02:11:45,160.051,5270274
127958554,2024-09-25 02:10:32,buy ,1.00,usdjpy,143.080,2024-09-25 02:11:45,143.076,5271345
127958690,2024-09-25 02:12:02,buy ,1.00,usdjpy,143.059,2024-09-25 02:14:06,143.070,5274038
127958691,2024-09-25 02:12:02,buy ,1.00,eurjpy,160.039,2024-09-25 02:25:16,160.053,5274038
127958776,2024-09-25 02:14:18,buy ,1.00,usdjpy,143.048,2024-09-25 02:30:34,143.078,5278127
127959311,2024-09-25 02:19:43,sell,1.00,eurjpy,160.072,2024-09-25 02:41:33,159.938,5287883
127959312,2024-09-25 02:19:43,sell,1.00,usdjpy,143.120,2024-09-25 02:41:35,142.978,5287883
127959754,2024-09-25 02:26:09,buy ,1.00,eurjpy,160.015,2024-09-25 02:30:34,160.025,5299450
127960304,2024-09-25 02:37:33,buy ,1.00,eurjpy,159.995,2024-09-25 02:41:25,159.972,5319990
127960358,2024-09-25 02:41:29,buy ,1.00,usdjpy,143.022,2024-09-25 02:43:42,143.018,5327049
127960388,2024-09-25 02:41:32,buy ,1.00,eurjpy,159.943,2024-09-25 02:41:53,159.964,5327142
127960449,2024-09-25 02:41:45,sell,1.00,eurjpy,159.964,2024-09-25 03:22:28,160.301,5327557
127960450,2024-09-25 02:41:45,sell,1.00,usdjpy,143.001,2024-09-25 03:21:45,143.193,5327557
127960581,2024-09-25 02:43:55,buy ,1.00,usdjpy,142.994,2024-09-25 02:44:40,142.980,5331424
127960633,2024-09-25 02:44:54,buy ,1.00,eurjpy,159.923,2024-09-25 03:04:25,160.083,5333189
127960733,2024-09-25 02:45:03,buy ,1.00,usdjpy,142.954,2024-09-25 03:04:25,143.056,5333481
127962789,2024-09-25 03:04:30,buy ,1.00,usdjpy,143.031,2024-09-25 03:10:59,143.192,5368489
127962791,2024-09-25 03:04:34,buy ,1.00,eurjpy,160.054,2024-09-25 04:22:08,160.260,5368609
127963553,2024-09-25 03:11:30,buy ,1.00,usdjpy,143.226,2024-09-25 04:05:07,143.212,5381074
127964924,2024-09-25 03:22:04,sell,1.00,usdjpy,143.238,2024-09-25 03:22:28,143.274,5400115
127965227,2024-09-25 03:24:21,sell,1.00,usdjpy,143.246,2024-09-25 03:54:25,143.247,5404221
127965485,2024-09-25 03:26:38,sell,1.00,eurjpy,160.329,2024-09-25 03:40:58,160.339,5408318
127967350,2024-09-25 03:42:27,sell,1.00,eurjpy,160.309,2024-09-25 03:54:25,160.318,5436818
127968358,2024-09-25 03:57:54,sell,1.00,eurjpy,160.286,2024-09-25 04:12:00,160.246,5464609
127968360,2024-09-25 03:57:54,sell,1.00,usdjpy,143.216,2024-09-25 04:03:10,143.192,5464609
127968522,2024-09-25 03:59:06,sell,1.00,xauusd,2660.91,2024-09-25 04:22:17,2659.83,5466791
127969206,2024-09-25 04:00:41,buy ,1.00,xauusd,2662.14,2024-09-25 04:05:25,2661.04,5469611
127969733,2024-09-25 04:03:31,sell,1.00,usdjpy,143.217,2024-09-25 04:12:00,143.181,5474734
127970034,2024-09-25 04:05:43,buy ,1.00,usdjpy,143.177,2024-09-25 04:14:55,143.352,5478700
127970048,2024-09-25 04:05:44,buy ,1.00,xauusd,2660.49,2024-09-25 04:16:55,2660.77,5478710
127970857,2024-09-25 04:12:05,sell,1.00,eurjpy,160.318,2024-09-25 04:12:07,160.327,5490155
127970868,2024-09-25 04:12:09,sell,1.00,usdjpy,143.274,2024-09-25 04:13:02,143.338,5490241
127970904,2024-09-25 04:12:20,sell,1.00,eurjpy,160.374,2024-09-25 04:13:02,160.412,5490594
127970982,2024-09-25 04:13:05,sell,1.00,eurjpy,160.442,2024-09-25 04:22:11,160.207,5491947
127970987,2024-09-25 04:13:07,sell,1.00,usdjpy,143.372,2024-09-25 04:22:11,143.122,5491998
127971608,2024-09-25 04:15:51,buy ,1.00,usdjpy,143.323,2024-09-25 04:22:08,143.174,5496931
127971785,2024-09-25 04:17:02,buy ,1.00,xauusd,2659.96,2024-09-25 04:22:08,2660.85,5499041
127972263,2024-09-25 04:22:11,buy ,1.00,eurjpy,160.207,2024-09-25 04:30:47,160.351,5508337
127972264,2024-09-25 04:22:11,buy ,1.00,usdjpy,143.124,2024-09-25 04:33:37,143.407,5508337
127972275,2024-09-25 04:22:13,buy ,1.00,xauusd,2660.45,2024-09-25 04:26:00,2661.03,5508380
127972341,2024-09-25 04:22:20,sell,1.00,usdjpy,143.149,2024-09-25 04:22:24,143.150,5508601
127972353,2024-09-25 04:22:22,sell,1.00,xauusd,2660.17,2024-09-25 04:28:23,2657.46,5508644
127972370,2024-09-25 04:22:26,sell,1.00,eurjpy,160.251,2024-09-25 04:42:31,160.417,5508756
127972373,2024-09-25 04:22:26,buy ,1.00,gbpusd,1.34203,2024-09-25 17:11:14,1.33952,5508775
127972400,2024-09-25 04:22:38,sell,1.00,usdjpy,143.194,2024-09-25 04:42:31,143.361,5509117
127972736,2024-09-25 04:26:00,buy ,1.00,xauusd,2660.57,2024-09-25 04:31:09,2656.86,5515191
127973038,2024-09-25 04:28:24,sell,1.00,xauusd,2658.04,2024-09-25 04:35:24,2656.04,5519506
127973209,2024-09-25 04:29:52,buy ,1.00,audusd,0.68941,,,5522128
127973540,2024-09-25 04:30:57,buy ,1.00,eurjpy,160.381,2024-09-25 04:36:25,160.397,5524103
127973615,2024-09-25 04:31:11,buy ,1.00,xauusd,2657.31,2024-09-25 04:33:39,2657.26,5524501
127974037,2024-09-25 04:33:40,buy ,1.00,usdjpy,143.382,2024-09-25 06:51:58,143.368,5528975
127974065,2024-09-25 04:33:47,buy ,1.00,xauusd,2656.69,2024-09-25 04:36:57,2656.76,5529183
127974445,2024-09-25 04:35:53,sell,1.00,xauusd,2656.98,2024-09-25 04:43:21,2657.12,5532979
127974627,2024-09-25 04:37:18,buy ,1.00,xauusd,2656.88,2024-09-25 06:00:28,2669.50,5535505
127974722,2024-09-25 04:38:31,buy ,1.00,eurjpy,160.421,2024-09-25 06:24:03,160.605,5537697
127975262,2024-09-25 04:43:21,sell,1.00,xauusd,2657.57,2024-09-25 04:54:29,2659.10,5546441
127975319,2024-09-25 04:44:07,sell,1.00,usdjpy,143.349,2024-09-25 04:45:52,143.381,5547797
127975325,2024-09-25 04:44:10,sell,1.00,eurjpy,160.399,2024-09-25 04:45:52,160.417,5547885
127975682,2024-09-25 04:46:21,sell,1.00,usdjpy,143.395,2024-09-25 04:48:16,143.393,5551803
127975683,2024-09-25 04:46:21,sell,1.00,eurjpy,160.441,2024-09-25 04:48:16,160.428,5551803
127975877,2024-09-25 04:48:16,sell,1.00,usdjpy,143.414,2024-09-25 05:44:16,143.281,5555270
127975978,2024-09-25 04:49:10,sell,1.00,eurjpy,160.461,2024-09-25 07:03:31,160.414,5556883
127976546,2024-09-25 04:54:42,sell,1.00,xauusd,2659.56,2024-09-25 05:00:48,2660.20,5566846
127977401,2024-09-25 05:01:47,sell,1.00,xauusd,2661.17,2024-09-25 05:39:11,2662.10,5579601
127981875,2024-09-25 05:41:11,sell,1.00,xauusd,2661.61,2024-09-25 05:51:52,2665.46,5650531
127982192,2024-09-25 05:45:00,sell,1.00,usdjpy,143.305,2024-09-25 05:48:47,143.298,5657388
127982601,2024-09-25 05:48:47,sell,1.00,usdjpy,143.323,2024-09-25 06:49:46,143.369,5664205
127983035,2024-09-25 05:51:53,sell,1.00,xauusd,2665.93,2024-09-25 06:05:03,2665.62,5669754
127984487,2024-09-25 06:00:29,buy ,1.00,xauusd,2668.90,2024-09-25 08:25:28,2658.67,5685273
127985313,2024-09-25 06:05:10,sell,1.00,xauusd,2666.03,2024-09-25 06:49:49,2661.03,5693670
127987490,2024-09-25 06:27:46,buy ,1.00,eurjpy,160.576,2024-09-25 06:32:10,160.548,5734356
127988644,2024-09-25 06:37:40,buy ,1.00,eurjpy,160.578,2024-09-25 06:39:14,160.538,5752199
127989050,2024-09-25 06:43:27,buy ,1.00,eurjpy,160.508,2024-09-25 07:10:19,160.503,5762607
127989427,2024-09-25 06:50:16,sell,1.00,usdjpy,143.407,2024-09-25 07:03:31,143.268,5774857
127989579,2024-09-25 06:53:10,buy ,1.00,usdjpy,143.319,2024-09-25 07:12:34,143.336,5780077
127989618,2024-09-25 06:53:55,sell,1.00,xauusd,2660.63,2024-09-25 07:53:13,2659.70,5781444
127990284,2024-09-25 07:03:32,sell,1.00,usdjpy,143.293,2024-09-25 08:15:32,143.207,5798737
127990354,2024-09-25 07:04:56,sell,1.00,eurjpy,160.444,2024-09-25 08:15:32,160.336,5801251
127990926,2024-09-25 07:15:21,buy ,1.00,eurjpy,160.524,2024-09-25 07:15:24,160.528,5819993
127990927,2024-09-25 07:15:23,buy ,1.00,usdjpy,143.368,2024-09-25 07:15:24,143.365,5820081
127990997,2024-09-25 07:16:50,buy ,1.00,usdjpy,143.341,2024-09-25 07:36:46,143.246,5822669
127991117,2024-09-25 07:19:16,buy ,1.00,eurjpy,160.498,2024-09-25 07:19:25,160.513,5827042
127991323,2024-09-25 07:21:56,buy ,1.00,eurjpy,160.545,2024-09-25 07:23:01,160.561,5831982
127991749,2024-09-25 07:27:32,buy ,1.00,eurjpy,160.532,2024-09-25 07:51:14,160.393,5841924
127992705,2024-09-25 07:40:34,buy ,1.00,usdjpy,143.278,2024-09-25 08:02:12,143.252,5865395
127993618,2024-09-25 07:54:18,sell,1.00,xauusd,2659.50,2024-09-25 08:30:56,2656.76,5890117
127994207,2024-09-25 08:01:18,buy ,1.00,eurjpy,160.387,2024-09-25 08:02:12,160.378,5902718
127994241,2024-09-25 08:02:12,buy ,1.00,usdjpy,143.229,2024-09-25 09:50:50,143.591,5904344
127994245,2024-09-25 08:02:17,buy ,1.00,eurjpy,160.349,2024-09-25 09:02:12,160.393,5904474
127995403,2024-09-25 08:15:40,sell,1.00,usdjpy,143.227,2024-09-25 08:34:45,143.299,5928580
127995697,2024-09-25 08:19:52,sell,1.00,eurjpy,160.419,2024-09-25 08:33:29,160.372,5936149
127996048,2024-09-25 08:25:29,buy ,1.00,xauusd,2658.17,2024-09-25 08:46:13,2656.06,5946240
127996820,2024-09-25 08:31:02,sell,1.00,xauusd,2657.24,2024-09-25 09:06:40,2658.48,5956220
127997097,2024-09-25 08:34:48,sell,1.00,eurjpy,160.403,2024-09-25 09:15:56,160.489,5963027
127997109,2024-09-25 08:35:02,sell,1.00,usdjpy,143.324,2024-09-25 10:00:56,143.697,5963441
127998362,2024-09-25 08:46:14,buy ,1.00,xauusd,2656.15,2024-09-25 09:21:17,2655.54,5983609
128000847,2024-09-25 09:02:33,buy ,1.00,eurjpy,160.423,2024-09-25 09:45:17,160.688,6012966
128001295,2024-09-25 09:06:43,sell,1.00,xauusd,2658.04,2024-09-25 09:09:06,2655.76,6020462
128001955,2024-09-25 09:10:01,sell,1.00,xauusd,2655.45,2024-09-25 09:13:52,2653.83,6026401
128002493,2024-09-25 09:14:36,sell,1.00,xauusd,2654.79,2024-09-25 09:56:48,2655.12,6034666
128003044,2024-09-25 09:16:04,sell,1.00,eurjpy,160.456,2024-09-25 09:21:56,160.479,6037293
128003581,2024-09-25 09:21:27,buy ,1.00,xauusd,2654.79,2024-09-25 09:51:51,2654.95,6046975
128003686,2024-09-25 09:22:39,sell,1.00,eurjpy,160.441,2024-09-25 09:22:42,160.444,6049141
128003952,2024-09-25 09:26:15,sell,1.00,eurjpy,160.485,2024-09-25 09:39:18,160.590,6055631
128005438,2024-09-25 09:39:30,sell,1.00,eurjpy,160.627,2024-09-25 10:05:10,160.798,6079483
128005980,2024-09-25 09:45:29,buy ,1.00,eurjpy,160.658,2024-09-25 09:47:19,160.653,6090240
128006053,2024-09-25 09:47:29,buy ,1.00,eurjpy,160.666,2024-09-25 09:50:50,160.727,6093861
128006381,2024-09-25 09:51:02,buy ,1.00,usdjpy,143.569,2024-09-25 11:00:41,143.937,6100233
128006455,2024-09-25 09:52:03,buy ,1.00,xauusd,2655.41,2024-09-25 10:00:50,2655.19,6102064
128006667,2024-09-25 09:53:54,buy ,1.00,eurjpy,160.764,2024-09-25 10:08:54,160.922,6105391
128006955,2024-09-25 09:56:49,sell,1.00,xauusd,2655.49,2024-09-25 12:23:01,2653.71,6110635
128007722,2024-09-25 10:01:10,buy ,1.00,xauusd,2654.36,2024-09-25 10:05:10,2652.81,6118462
128007775,2024-09-25 10:01:29,sell,1.00,usdjpy,143.663,2024-09-25 11:08:06,143.990,6119059
128008257,2024-09-25 10:05:10,buy ,1.00,xauusd,2652.15,2024-09-25 10:20:56,2653.02,6125690
128008509,2024-09-25 10:06:24,sell,1.00,eurjpy,160.877,2024-09-25 10:17:19,160.725,6127892
128008894,2024-09-25 10:09:20,buy ,1.00,eurjpy,160.892,2024-09-25 10:12:08,160.804,6133170
128009662,2024-09-25 10:12:59,buy ,1.00,eurjpy,160.767,2024-09-25 11:00:41,161.077,6139747
128010427,2024-09-25 10:17:26,sell,1.00,eurjpy,160.755,2024-09-25 10:30:54,160.901,6147760
128010880,2024-09-25 10:20:56,buy ,1.00,xauusd,2652.53,2024-09-25 10:39:26,2653.91,6154069
128012298,2024-09-25 10:31:02,sell,1.00,eurjpy,160.930,2024-09-25 10:54:44,160.927,6172233
128013028,2024-09-25 10:39:35,buy ,1.00,xauusd,2653.37,2024-09-25 11:00:30,2657.31,6187629
128014464,2024-09-25 10:55:04,sell,1.00,eurjpy,160.956,2024-09-25 11:30:10,161.022,6215504
128016482,2024-09-25 11:01:33,buy ,1.00,xauusd,2657.96,2024-09-25 11:02:07,2658.25,6227170
128016493,2024-09-25 11:01:33,buy ,1.00,usdjpy,143.912,2024-09-25 11:28:50,143.991,6227174
128016711,2024-09-25 11:03:07,buy ,1.00,eurjpy,161.110,2024-09-25 11:03:10,161.119,6229984
128016760,2024-09-25 11:03:36,buy ,1.00,xauusd,2657.76,2024-09-25 11:25:14,2656.35,6230851
128016855,2024-09-25 11:04:25,buy ,1.00,eurjpy,161.148,2024-09-25 11:19:47,161.097,6232324
128017356,2024-09-25 11:08:13,sell,1.00,usdjpy,144.018,2024-09-25 11:30:10,143.965,6239167
128019621,2024-09-25 11:24:03,buy ,1.00,eurjpy,161.064,2024-09-25 11:25:35,161.028,6267647
128019831,2024-09-25 11:26:04,buy ,1.00,xauusd,2655.59,2024-09-25 11:42:31,2655.31,6271286
128019958,2024-09-25 11:27:45,buy ,1.00,eurjpy,161.058,2024-09-25 11:33:52,161.130,6274308
128020133,2024-09-25 11:29:57,buy ,1.00,usdjpy,143.966,2024-09-25 13:11:18,144.142,6278304
128020453,2024-09-25 11:30:12,sell,1.00,eurjpy,161.049,2024-09-25 12:31:41,161.237,6278735
128020457,2024-09-25 11:30:13,sell,1.00,usdjpy,143.989,2024-09-25 13:53:21,144.205,6278782
128021057,2024-09-25 11:35:45,buy ,1.00,eurjpy,161.103,2024-09-25 12:05:08,161.073,6288735
128021875,2024-09-25 11:43:47,buy ,1.00,xauusd,2655.80,2024-09-25 12:15:49,2654.02,6303197
128023944,2024-09-25 12:06:08,buy ,1.00,eurjpy,161.103,2024-09-25 12:41:51,161.198,6343409
128024885,2024-09-25 12:16:01,buy ,1.00,xauusd,2653.14,2024-09-25 12:25:34,2654.69,6361186
128025619,2024-09-25 12:23:02,sell,1.00,xauusd,2654.47,2024-09-25 12:29:22,2655.20,6373823
128025900,2024-09-25 12:25:35,buy ,1.00,xauusd,2654.40,2024-09-25 13:41:58,2657.58,6378414
128026815,2024-09-25 12:31:08,sell,1.00,xauusd,2654.79,2024-09-25 12:43:28,2656.28,6388397
128027085,2024-09-25 12:33:39,sell,1.00,eurjpy,161.265,2024-09-25 13:55:57,161.401,6392964
128028052,2024-09-25 12:45:15,buy ,1.00,eurjpy,161.229,2024-09-25 13:11:18,161.191,6413822
